%YAML 1.1
%TAG !u! tag:unity3d.com,2011:
--- !u!1 &2208994229704695944
GameObject:
  m_ObjectHideFlags: 0
  m_CorrespondingSourceObject: {fileID: 0}
  m_PrefabInstance: {fileID: 0}
  m_PrefabAsset: {fileID: 0}
  serializedVersion: 6
  m_Component:
  - component: {fileID: 9005990428029674727}
  - component: {fileID: 4045543974736639139}
  - component: {fileID: 3501668621989959207}
  m_Layer: 0
  m_Name: Shadow Decal
  m_TagString: Untagged
  m_Icon: {fileID: 0}
  m_NavMeshLayer: 0
  m_StaticEditorFlags: 0
  m_IsActive: 1
--- !u!4 &9005990428029674727
Transform:
  m_ObjectHideFlags: 0
  m_CorrespondingSourceObject: {fileID: 0}
  m_PrefabInstance: {fileID: 0}
  m_PrefabAsset: {fileID: 0}
  m_GameObject: {fileID: 2208994229704695944}
  serializedVersion: 2
  m_LocalRotation: {x: 0.7071068, y: 0, z: 0, w: 0.7071068}
  m_LocalPosition: {x: 0.036, y: -0.92, z: 0.777}
  m_LocalScale: {x: 0.91, y: 0.6, z: 0.6}
  m_ConstrainProportionsScale: 0
  m_Children: []
  m_Father: {fileID: 3556510535323181119}
  m_LocalEulerAnglesHint: {x: 90, y: 0, z: 0}
--- !u!33 &4045543974736639139
MeshFilter:
  m_ObjectHideFlags: 0
  m_CorrespondingSourceObject: {fileID: 0}
  m_PrefabInstance: {fileID: 0}
  m_PrefabAsset: {fileID: 0}
  m_GameObject: {fileID: 2208994229704695944}
  m_Mesh: {fileID: 10202, guid: 0000000000000000e000000000000000, type: 0}
--- !u!23 &3501668621989959207
MeshRenderer:
  m_ObjectHideFlags: 0
  m_CorrespondingSourceObject: {fileID: 0}
  m_PrefabInstance: {fileID: 0}
  m_PrefabAsset: {fileID: 0}
  m_GameObject: {fileID: 2208994229704695944}
  m_Enabled: 1
  m_CastShadows: 1
  m_ReceiveShadows: 1
  m_DynamicOccludee: 1
  m_StaticShadowCaster: 0
  m_MotionVectors: 1
  m_LightProbeUsage: 1
  m_ReflectionProbeUsage: 1
  m_RayTracingMode: 2
  m_RayTraceProcedural: 0
  m_RenderingLayerMask: 1
  m_RendererPriority: 0
  m_Materials:
  - {fileID: 2100000, guid: 0d724aaf362c33347bb0b8adc50c7ea7, type: 2}
  m_StaticBatchInfo:
    firstSubMesh: 0
    subMeshCount: 0
  m_StaticBatchRoot: {fileID: 0}
  m_ProbeAnchor: {fileID: 0}
  m_LightProbeVolumeOverride: {fileID: 0}
  m_ScaleInLightmap: 1
  m_ReceiveGI: 1
  m_PreserveUVs: 0
  m_IgnoreNormalsForChartDetection: 0
  m_ImportantGI: 0
  m_StitchLightmapSeams: 1
  m_SelectedEditorRenderState: 3
  m_MinimumChartSize: 4
  m_AutoUVMaxDistance: 0.5
  m_AutoUVMaxAngle: 89
  m_LightmapParameters: {fileID: 0}
  m_SortingLayerID: 0
  m_SortingLayer: 0
  m_SortingOrder: 0
  m_AdditionalVertexStreams: {fileID: 0}
--- !u!1 &4571282972058077041
GameObject:
  m_ObjectHideFlags: 0
  m_CorrespondingSourceObject: {fileID: 0}
  m_PrefabInstance: {fileID: 0}
  m_PrefabAsset: {fileID: 0}
  serializedVersion: 6
  m_Component:
  - component: {fileID: 3556510535323181119}
  - component: {fileID: 2683841865767341036}
  - component: {fileID: 8739695182187195384}
  - component: {fileID: 5316176242372494815}
  - component: {fileID: 9049284729975311077}
  - component: {fileID: 3955090859948613648}
  m_Layer: 6
  m_Name: Enemy
  m_TagString: Untagged
  m_Icon: {fileID: 0}
  m_NavMeshLayer: 0
  m_StaticEditorFlags: 0
  m_IsActive: 1
--- !u!4 &3556510535323181119
Transform:
  m_ObjectHideFlags: 0
  m_CorrespondingSourceObject: {fileID: 0}
  m_PrefabInstance: {fileID: 0}
  m_PrefabAsset: {fileID: 0}
  m_GameObject: {fileID: 4571282972058077041}
  serializedVersion: 2
  m_LocalRotation: {x: 0.000034645385, y: -0.09925892, z: -0.00034731682, w: 0.9950616}
  m_LocalPosition: {x: 5.2751274, y: 17.88, z: 2.77}
  m_LocalScale: {x: 1.4999999, y: 1.5, z: 1.5}
  m_ConstrainProportionsScale: 1
  m_Children:
  - {fileID: 5311558064220666348}
  - {fileID: 9005990428029674727}
  - {fileID: 2305841532978233233}
  m_Father: {fileID: 0}
  m_LocalEulerAnglesHint: {x: 0, y: -11.393, z: -0.04}
--- !u!33 &2683841865767341036
MeshFilter:
  m_ObjectHideFlags: 0
  m_CorrespondingSourceObject: {fileID: 0}
  m_PrefabInstance: {fileID: 0}
  m_PrefabAsset: {fileID: 0}
  m_GameObject: {fileID: 4571282972058077041}
  m_Mesh: {fileID: 10207, guid: 0000000000000000e000000000000000, type: 0}
--- !u!23 &8739695182187195384
MeshRenderer:
  m_ObjectHideFlags: 0
  m_CorrespondingSourceObject: {fileID: 0}
  m_PrefabInstance: {fileID: 0}
  m_PrefabAsset: {fileID: 0}
  m_GameObject: {fileID: 4571282972058077041}
  m_Enabled: 1
  m_CastShadows: 0
  m_ReceiveShadows: 1
  m_DynamicOccludee: 1
  m_StaticShadowCaster: 0
  m_MotionVectors: 1
  m_LightProbeUsage: 1
  m_ReflectionProbeUsage: 1
  m_RayTracingMode: 2
  m_RayTraceProcedural: 0
  m_RenderingLayerMask: 1
  m_RendererPriority: 0
  m_Materials:
  - {fileID: 2100000, guid: b5a5db0c721124c61a13a250ee5c5a38, type: 2}
  m_StaticBatchInfo:
    firstSubMesh: 0
    subMeshCount: 0
  m_StaticBatchRoot: {fileID: 0}
  m_ProbeAnchor: {fileID: 0}
  m_LightProbeVolumeOverride: {fileID: 0}
  m_ScaleInLightmap: 1
  m_ReceiveGI: 1
  m_PreserveUVs: 0
  m_IgnoreNormalsForChartDetection: 0
  m_ImportantGI: 0
  m_StitchLightmapSeams: 1
  m_SelectedEditorRenderState: 3
  m_MinimumChartSize: 4
  m_AutoUVMaxDistance: 0.5
  m_AutoUVMaxAngle: 89
  m_LightmapParameters: {fileID: 0}
  m_SortingLayerID: 0
  m_SortingLayer: 0
  m_SortingOrder: 0
  m_AdditionalVertexStreams: {fileID: 0}
--- !u!114 &5316176242372494815
MonoBehaviour:
  m_ObjectHideFlags: 0
  m_CorrespondingSourceObject: {fileID: 0}
  m_PrefabInstance: {fileID: 0}
  m_PrefabAsset: {fileID: 0}
  m_GameObject: {fileID: 4571282972058077041}
  m_Enabled: 1
  m_EditorHideFlags: 0
  m_Script: {fileID: 11500000, guid: 8c46c900fc2e9cb40a4250810d5e07a4, type: 3}
  m_Name: 
  m_EditorClassIdentifier: 
  verticalAmplitude: -0.06
  horizontalAmplitude: 0
  speed: 0.2
  startDelay: 0
  worldSpace: 0
--- !u!114 &9049284729975311077
MonoBehaviour:
  m_ObjectHideFlags: 0
  m_CorrespondingSourceObject: {fileID: 0}
  m_PrefabInstance: {fileID: 0}
  m_PrefabAsset: {fileID: 0}
  m_GameObject: {fileID: 4571282972058077041}
  m_Enabled: 1
  m_EditorHideFlags: 0
  m_Script: {fileID: 11500000, guid: 94b95270c85710a4aabe9d10947c0663, type: 3}
  m_Name: 
  m_EditorClassIdentifier: 
  health: 100
  enemyRenderer: {fileID: 8739695182187195384}
  damageColor: {r: 1, g: 0, b: 0, a: 1}
--- !u!135 &3955090859948613648
SphereCollider:
  m_ObjectHideFlags: 0
  m_CorrespondingSourceObject: {fileID: 0}
  m_PrefabInstance: {fileID: 0}
  m_PrefabAsset: {fileID: 0}
  m_GameObject: {fileID: 4571282972058077041}
  m_Material: {fileID: 0}
  m_IncludeLayers:
    serializedVersion: 2
    m_Bits: 0
  m_ExcludeLayers:
    serializedVersion: 2
    m_Bits: 0
  m_LayerOverridePriority: 0
  m_IsTrigger: 0
  m_ProvidesContacts: 0
  m_Enabled: 1
  serializedVersion: 3
  m_Radius: 0.5
  m_Center: {x: 0.000000059604645, y: 0, z: -0.00000023841858}
--- !u!1 &8124952243000103259
GameObject:
  m_ObjectHideFlags: 0
  m_CorrespondingSourceObject: {fileID: 0}
  m_PrefabInstance: {fileID: 0}
  m_PrefabAsset: {fileID: 0}
  serializedVersion: 6
  m_Component:
  - component: {fileID: 5311558064220666348}
  - component: {fileID: 1733795553704031629}
  - component: {fileID: 4714488377710468971}
  m_Layer: 0
  m_Name: Circle
  m_TagString: Untagged
  m_Icon: {fileID: 0}
  m_NavMeshLayer: 0
  m_StaticEditorFlags: 0
  m_IsActive: 1
--- !u!4 &5311558064220666348
Transform:
  m_ObjectHideFlags: 0
  m_CorrespondingSourceObject: {fileID: 0}
  m_PrefabInstance: {fileID: 0}
  m_PrefabAsset: {fileID: 0}
  m_GameObject: {fileID: 8124952243000103259}
  serializedVersion: 2
  m_LocalRotation: {x: -0.031160949, y: -0.073205225, z: 0.0019420047, w: -0.9968281}
  m_LocalPosition: {x: 0, y: 0, z: 0}
  m_LocalScale: {x: 1, y: 1, z: 1}
  m_ConstrainProportionsScale: 0
  m_Children: []
  m_Father: {fileID: 3556510535323181119}
  m_LocalEulerAnglesHint: {x: 0, y: 0, z: 0}
--- !u!114 &1733795553704031629
MonoBehaviour:
  m_ObjectHideFlags: 0
  m_CorrespondingSourceObject: {fileID: 0}
  m_PrefabInstance: {fileID: 0}
  m_PrefabAsset: {fileID: 0}
  m_GameObject: {fileID: 8124952243000103259}
  m_Enabled: 1
  m_EditorHideFlags: 0
  m_Script: {fileID: 11500000, guid: d5a84995609d4fa40a2186a966b314d6, type: 3}
  m_Name: 
  m_EditorClassIdentifier: 
  color: {r: 0, g: 0, b: 0, a: 1}
  width: 1.5
  numSegments: 50
  radius: 0.506
--- !u!120 &4714488377710468971
LineRenderer:
  serializedVersion: 2
  m_ObjectHideFlags: 0
  m_CorrespondingSourceObject: {fileID: 0}
  m_PrefabInstance: {fileID: 0}
  m_PrefabAsset: {fileID: 0}
  m_GameObject: {fileID: 8124952243000103259}
  m_Enabled: 1
  m_CastShadows: 1
  m_ReceiveShadows: 1
  m_DynamicOccludee: 1
  m_StaticShadowCaster: 0
  m_MotionVectors: 0
  m_LightProbeUsage: 0
  m_ReflectionProbeUsage: 0
  m_RayTracingMode: 0
  m_RayTraceProcedural: 0
  m_RenderingLayerMask: 1
  m_RendererPriority: 0
  m_Materials:
  - {fileID: 0}
  - {fileID: 2100000, guid: 05083daacc9d9ad498220524969be6fa, type: 2}
  m_StaticBatchInfo:
    firstSubMesh: 0
    subMeshCount: 0
  m_StaticBatchRoot: {fileID: 0}
  m_ProbeAnchor: {fileID: 0}
  m_LightProbeVolumeOverride: {fileID: 0}
  m_ScaleInLightmap: 1
  m_ReceiveGI: 1
  m_PreserveUVs: 0
  m_IgnoreNormalsForChartDetection: 0
  m_ImportantGI: 0
  m_StitchLightmapSeams: 1
  m_SelectedEditorRenderState: 3
  m_MinimumChartSize: 4
  m_AutoUVMaxDistance: 0.5
  m_AutoUVMaxAngle: 89
  m_LightmapParameters: {fileID: 0}
  m_SortingLayerID: 0
  m_SortingLayer: 0
  m_SortingOrder: 0
  m_Positions:
  - {x: 0.506, y: 0, z: 0}
  - {x: 0.50201005, y: 0.06341861, z: 0}
  - {x: 0.49010307, y: 0.12583709, z: 0}
  - {x: 0.47046688, y: 0.18627103, z: 0}
  - {x: 0.44341114, y: 0.24376737, z: 0}
  - {x: 0.40936258, y: 0.2974193, z: 0}
  - {x: 0.3688581, y: 0.34638083, z: 0}
  - {x: 0.32253653, y: 0.38987967, z: 0}
  - {x: 0.27112833, y: 0.4272299, z: 0}
  - {x: 0.21544427, y: 0.4578425, z: 0}
  - {x: 0.15636252, y: 0.48123458, z: 0}
  - {x: 0.094814844, y: 0.49703735, z: 0}
  - {x: 0.031771876, y: 0.5050015, z: 0}
  - {x: -0.031772155, y: 0.5050015, z: 0}
  - {x: -0.09481512, y: 0.4970373, z: 0}
  - {x: -0.15636279, y: 0.4812345, z: 0}
  - {x: -0.21544448, y: 0.45784238, z: 0}
  - {x: -0.2711285, y: 0.4272298, z: 0}
  - {x: -0.3225367, y: 0.38987952, z: 0}
  - {x: -0.36885828, y: 0.34638065, z: 0}
  - {x: -0.40936273, y: 0.2974191, z: 0}
  - {x: -0.4434113, y: 0.24376708, z: 0}
  - {x: -0.470467, y: 0.18627071, z: 0}
  - {x: -0.49010316, y: 0.12583673, z: 0}
  - {x: -0.50201005, y: 0.06341824, z: 0}
  - {x: -0.506, y: -0.00000040615532, z: 0}
  - {x: -0.50201, y: -0.063419044, z: 0}
  - {x: -0.49010295, y: -0.12583752, z: 0}
  - {x: -0.4704667, y: -0.18627146, z: 0}
  - {x: -0.4434109, y: -0.2437678, z: 0}
  - {x: -0.40936226, y: -0.2974198, z: 0}
  - {x: -0.3688577, y: -0.34638122, z: 0}
  - {x: -0.32253608, y: -0.3898801, z: 0}
  - {x: -0.27112785, y: -0.42723024, z: 0}
  - {x: -0.21544373, y: -0.45784274, z: 0}
  - {x: -0.15636197, y: -0.48123476, z: 0}
  - {x: -0.09481426, y: -0.49703747, z: 0}
  - {x: -0.031771287, y: -0.50500154, z: 0}
  - {x: 0.031772744, y: -0.5050014, z: 0}
  - {x: 0.094815694, y: -0.4970372, z: 0}
  - {x: 0.15636335, y: -0.4812343, z: 0}
  - {x: 0.21544506, y: -0.4578421, z: 0}
  - {x: 0.27112907, y: -0.42722946, z: 0}
  - {x: 0.32253718, y: -0.38987914, z: 0}
  - {x: 0.36885875, y: -0.34638017, z: 0}
  - {x: 0.40936312, y: -0.29741856, z: 0}
  - {x: 0.44341165, y: -0.24376652, z: 0}
  - {x: 0.47046724, y: -0.1862701, z: 0}
  - {x: 0.4901033, y: -0.1258361, z: 0}
  - {x: 0.50201017, y: -0.0634176, z: 0}
  - {x: 0.506, y: 0.0000010535903, z: 0}
  m_Parameters:
    serializedVersion: 3
    widthMultiplier: 1
    widthCurve:
      serializedVersion: 2
      m_Curve:
      - serializedVersion: 3
        time: 0.9835205
        value: 0.009796753
        inSlope: 0
        outSlope: 0
        tangentMode: 0
        weightedMode: 0
        inWeight: 0.33333334
        outWeight: 0.33333334
      m_PreInfinity: 2
      m_PostInfinity: 2
      m_RotationOrder: 4
    colorGradient:
      serializedVersion: 2
      key0: {r: 1, g: 1, b: 1, a: 1}
      key1: {r: 1, g: 1, b: 1, a: 1}
      key2: {r: 0, g: 0, b: 0, a: 0}
      key3: {r: 0, g: 0, b: 0, a: 0}
      key4: {r: 0, g: 0, b: 0, a: 0}
      key5: {r: 0, g: 0, b: 0, a: 0}
      key6: {r: 0, g: 0, b: 0, a: 0}
      key7: {r: 0, g: 0, b: 0, a: 0}
      ctime0: 0
      ctime1: 65535
      ctime2: 0
      ctime3: 0
      ctime4: 0
      ctime5: 0
      ctime6: 0
      ctime7: 0
      atime0: 0
      atime1: 65535
      atime2: 0
      atime3: 0
      atime4: 0
      atime5: 0
      atime6: 0
      atime7: 0
      m_Mode: 0
      m_ColorSpace: -1
      m_NumColorKeys: 2
      m_NumAlphaKeys: 2
    numCornerVertices: 0
    numCapVertices: 0
    alignment: 0
    textureMode: 0
    textureScale: {x: 1, y: 1}
    shadowBias: 0.5
    generateLightingData: 0
  m_MaskInteraction: 0
  m_UseWorldSpace: 0
  m_Loop: 0
  m_ApplyActiveColorSpace: 1
--- !u!1001 &2305841532978357617
PrefabInstance:
  m_ObjectHideFlags: 0
  serializedVersion: 2
  m_Modification:
    serializedVersion: 3
    m_TransformParent: {fileID: 3556510535323181119}
    m_Modifications:
    - target: {fileID: 100000, guid: 320b1c2af77554f99a1658df4a6d3d5c, type: 3}
      propertyPath: m_Layer
      value: 1
      objectReference: {fileID: 0}
    - target: {fileID: 100002, guid: 320b1c2af77554f99a1658df4a6d3d5c, type: 3}
      propertyPath: m_Layer
      value: 1
      objectReference: {fileID: 0}
    - target: {fileID: 100004, guid: 320b1c2af77554f99a1658df4a6d3d5c, type: 3}
      propertyPath: m_Layer
      value: 1
      objectReference: {fileID: 0}
    - target: {fileID: 100006, guid: 320b1c2af77554f99a1658df4a6d3d5c, type: 3}
      propertyPath: m_Layer
      value: 1
      objectReference: {fileID: 0}
    - target: {fileID: 100008, guid: 320b1c2af77554f99a1658df4a6d3d5c, type: 3}
      propertyPath: m_Layer
      value: 1
      objectReference: {fileID: 0}
    - target: {fileID: 100010, guid: 320b1c2af77554f99a1658df4a6d3d5c, type: 3}
      propertyPath: m_Layer
      value: 1
      objectReference: {fileID: 0}
    - target: {fileID: 100012, guid: 320b1c2af77554f99a1658df4a6d3d5c, type: 3}
      propertyPath: m_Layer
      value: 1
      objectReference: {fileID: 0}
    - target: {fileID: 100014, guid: 320b1c2af77554f99a1658df4a6d3d5c, type: 3}
      propertyPath: m_Layer
      value: 1
      objectReference: {fileID: 0}
    - target: {fileID: 100016, guid: 320b1c2af77554f99a1658df4a6d3d5c, type: 3}
      propertyPath: m_Layer
      value: 1
      objectReference: {fileID: 0}
    - target: {fileID: 100018, guid: 320b1c2af77554f99a1658df4a6d3d5c, type: 3}
      propertyPath: m_Layer
      value: 1
      objectReference: {fileID: 0}
    - target: {fileID: 100020, guid: 320b1c2af77554f99a1658df4a6d3d5c, type: 3}
      propertyPath: m_Layer
      value: 1
      objectReference: {fileID: 0}
    - target: {fileID: 100022, guid: 320b1c2af77554f99a1658df4a6d3d5c, type: 3}
      propertyPath: m_Layer
      value: 1
      objectReference: {fileID: 0}
    - target: {fileID: 100024, guid: 320b1c2af77554f99a1658df4a6d3d5c, type: 3}
      propertyPath: m_Layer
      value: 1
      objectReference: {fileID: 0}
    - target: {fileID: 100026, guid: 320b1c2af77554f99a1658df4a6d3d5c, type: 3}
      propertyPath: m_Layer
      value: 1
      objectReference: {fileID: 0}
    - target: {fileID: 100028, guid: 320b1c2af77554f99a1658df4a6d3d5c, type: 3}
      propertyPath: m_Layer
      value: 1
      objectReference: {fileID: 0}
    - target: {fileID: 100030, guid: 320b1c2af77554f99a1658df4a6d3d5c, type: 3}
      propertyPath: m_Layer
      value: 1
      objectReference: {fileID: 0}
    - target: {fileID: 100032, guid: 320b1c2af77554f99a1658df4a6d3d5c, type: 3}
      propertyPath: m_Layer
      value: 1
      objectReference: {fileID: 0}
    - target: {fileID: 100034, guid: 320b1c2af77554f99a1658df4a6d3d5c, type: 3}
      propertyPath: m_Layer
      value: 1
      objectReference: {fileID: 0}
    - target: {fileID: 100036, guid: 320b1c2af77554f99a1658df4a6d3d5c, type: 3}
      propertyPath: m_Layer
      value: 1
      objectReference: {fileID: 0}
    - target: {fileID: 100038, guid: 320b1c2af77554f99a1658df4a6d3d5c, type: 3}
      propertyPath: m_Layer
      value: 1
      objectReference: {fileID: 0}
    - target: {fileID: 100040, guid: 320b1c2af77554f99a1658df4a6d3d5c, type: 3}
      propertyPath: m_Layer
      value: 1
      objectReference: {fileID: 0}
    - target: {fileID: 100042, guid: 320b1c2af77554f99a1658df4a6d3d5c, type: 3}
      propertyPath: m_Layer
      value: 1
      objectReference: {fileID: 0}
    - target: {fileID: 100044, guid: 320b1c2af77554f99a1658df4a6d3d5c, type: 3}
      propertyPath: m_Layer
      value: 1
      objectReference: {fileID: 0}
    - target: {fileID: 100046, guid: 320b1c2af77554f99a1658df4a6d3d5c, type: 3}
      propertyPath: m_Layer
      value: 1
      objectReference: {fileID: 0}
    - target: {fileID: 100048, guid: 320b1c2af77554f99a1658df4a6d3d5c, type: 3}
      propertyPath: m_Layer
      value: 1
      objectReference: {fileID: 0}
    - target: {fileID: 100050, guid: 320b1c2af77554f99a1658df4a6d3d5c, type: 3}
      propertyPath: m_Layer
      value: 1
      objectReference: {fileID: 0}
    - target: {fileID: 100052, guid: 320b1c2af77554f99a1658df4a6d3d5c, type: 3}
      propertyPath: m_Layer
      value: 1
      objectReference: {fileID: 0}
    - target: {fileID: 100054, guid: 320b1c2af77554f99a1658df4a6d3d5c, type: 3}
      propertyPath: m_Layer
      value: 1
      objectReference: {fileID: 0}
    - target: {fileID: 100056, guid: 320b1c2af77554f99a1658df4a6d3d5c, type: 3}
      propertyPath: m_Layer
      value: 1
      objectReference: {fileID: 0}
    - target: {fileID: 100058, guid: 320b1c2af77554f99a1658df4a6d3d5c, type: 3}
      propertyPath: m_Layer
      value: 1
      objectReference: {fileID: 0}
    - target: {fileID: 100060, guid: 320b1c2af77554f99a1658df4a6d3d5c, type: 3}
      propertyPath: m_Layer
      value: 1
      objectReference: {fileID: 0}
    - target: {fileID: 100062, guid: 320b1c2af77554f99a1658df4a6d3d5c, type: 3}
      propertyPath: m_Layer
      value: 1
      objectReference: {fileID: 0}
    - target: {fileID: 100064, guid: 320b1c2af77554f99a1658df4a6d3d5c, type: 3}
      propertyPath: m_Layer
      value: 1
      objectReference: {fileID: 0}
    - target: {fileID: 100066, guid: 320b1c2af77554f99a1658df4a6d3d5c, type: 3}
      propertyPath: m_Layer
      value: 1
      objectReference: {fileID: 0}
    - target: {fileID: 100068, guid: 320b1c2af77554f99a1658df4a6d3d5c, type: 3}
      propertyPath: m_Layer
      value: 1
      objectReference: {fileID: 0}
    - target: {fileID: 100070, guid: 320b1c2af77554f99a1658df4a6d3d5c, type: 3}
      propertyPath: m_Layer
      value: 1
      objectReference: {fileID: 0}
    - target: {fileID: 100072, guid: 320b1c2af77554f99a1658df4a6d3d5c, type: 3}
      propertyPath: m_Layer
      value: 1
      objectReference: {fileID: 0}
    - target: {fileID: 100074, guid: 320b1c2af77554f99a1658df4a6d3d5c, type: 3}
      propertyPath: m_Layer
      value: 1
      objectReference: {fileID: 0}
    - target: {fileID: 100076, guid: 320b1c2af77554f99a1658df4a6d3d5c, type: 3}
      propertyPath: m_Layer
      value: 1
      objectReference: {fileID: 0}
    - target: {fileID: 100078, guid: 320b1c2af77554f99a1658df4a6d3d5c, type: 3}
      propertyPath: m_Layer
      value: 1
      objectReference: {fileID: 0}
    - target: {fileID: 100080, guid: 320b1c2af77554f99a1658df4a6d3d5c, type: 3}
      propertyPath: m_Layer
      value: 1
      objectReference: {fileID: 0}
    - target: {fileID: 100082, guid: 320b1c2af77554f99a1658df4a6d3d5c, type: 3}
      propertyPath: m_Layer
      value: 1
      objectReference: {fileID: 0}
    - target: {fileID: 100084, guid: 320b1c2af77554f99a1658df4a6d3d5c, type: 3}
      propertyPath: m_Layer
      value: 1
      objectReference: {fileID: 0}
    - target: {fileID: 100086, guid: 320b1c2af77554f99a1658df4a6d3d5c, type: 3}
      propertyPath: m_Layer
      value: 1
      objectReference: {fileID: 0}
    - target: {fileID: 100088, guid: 320b1c2af77554f99a1658df4a6d3d5c, type: 3}
      propertyPath: m_Layer
      value: 1
      objectReference: {fileID: 0}
    - target: {fileID: 100090, guid: 320b1c2af77554f99a1658df4a6d3d5c, type: 3}
      propertyPath: m_Layer
      value: 1
      objectReference: {fileID: 0}
    - target: {fileID: 100092, guid: 320b1c2af77554f99a1658df4a6d3d5c, type: 3}
      propertyPath: m_Layer
      value: 1
      objectReference: {fileID: 0}
    - target: {fileID: 100094, guid: 320b1c2af77554f99a1658df4a6d3d5c, type: 3}
      propertyPath: m_Layer
      value: 1
      objectReference: {fileID: 0}
    - target: {fileID: 100096, guid: 320b1c2af77554f99a1658df4a6d3d5c, type: 3}
      propertyPath: m_Name
      value: Robot Kyle
      objectReference: {fileID: 0}
    - target: {fileID: 100096, guid: 320b1c2af77554f99a1658df4a6d3d5c, type: 3}
      propertyPath: m_Layer
      value: 1
      objectReference: {fileID: 0}
    - target: {fileID: 100098, guid: 320b1c2af77554f99a1658df4a6d3d5c, type: 3}
      propertyPath: m_Layer
      value: 1
      objectReference: {fileID: 0}
    - target: {fileID: 100100, guid: 320b1c2af77554f99a1658df4a6d3d5c, type: 3}
      propertyPath: m_Layer
      value: 1
      objectReference: {fileID: 0}
    - target: {fileID: 400000, guid: 320b1c2af77554f99a1658df4a6d3d5c, type: 3}
      propertyPath: m_LocalPosition.x
      value: -0.079593405
      objectReference: {fileID: 0}
    - target: {fileID: 400000, guid: 320b1c2af77554f99a1658df4a6d3d5c, type: 3}
      propertyPath: m_LocalPosition.y
      value: -0.000000091735274
      objectReference: {fileID: 0}
    - target: {fileID: 400000, guid: 320b1c2af77554f99a1658df4a6d3d5c, type: 3}
      propertyPath: m_LocalPosition.z
      value: -0.000000041909516
      objectReference: {fileID: 0}
    - target: {fileID: 400000, guid: 320b1c2af77554f99a1658df4a6d3d5c, type: 3}
      propertyPath: m_LocalRotation.w
      value: 0.9319137
      objectReference: {fileID: 0}
    - target: {fileID: 400000, guid: 320b1c2af77554f99a1658df4a6d3d5c, type: 3}
      propertyPath: m_LocalRotation.x
      value: 0.36156377
      objectReference: {fileID: 0}
    - target: {fileID: 400000, guid: 320b1c2af77554f99a1658df4a6d3d5c, type: 3}
      propertyPath: m_LocalRotation.y
      value: 0.009220968
      objectReference: {fileID: 0}
    - target: {fileID: 400000, guid: 320b1c2af77554f99a1658df4a6d3d5c, type: 3}
      propertyPath: m_LocalRotation.z
      value: 0.026898235
      objectReference: {fileID: 0}
    - target: {fileID: 400000, guid: 320b1c2af77554f99a1658df4a6d3d5c, type: 3}
      propertyPath: m_LocalEulerAnglesHint.x
      value: 42.33
      objectReference: {fileID: 0}
    - target: {fileID: 400000, guid: 320b1c2af77554f99a1658df4a6d3d5c, type: 3}
      propertyPath: m_LocalEulerAnglesHint.y
      value: 2.841
      objectReference: {fileID: 0}
    - target: {fileID: 400000, guid: 320b1c2af77554f99a1658df4a6d3d5c, type: 3}
      propertyPath: m_LocalEulerAnglesHint.z
      value: 4.407
      objectReference: {fileID: 0}
    - target: {fileID: 400002, guid: 320b1c2af77554f99a1658df4a6d3d5c, type: 3}
      propertyPath: m_LocalPosition.x
      value: 0.028991994
      objectReference: {fileID: 0}
    - target: {fileID: 400002, guid: 320b1c2af77554f99a1658df4a6d3d5c, type: 3}
      propertyPath: m_LocalPosition.y
      value: -0.002594307
      objectReference: {fileID: 0}
    - target: {fileID: 400002, guid: 320b1c2af77554f99a1658df4a6d3d5c, type: 3}
      propertyPath: m_LocalPosition.z
      value: -0.00000032398384
      objectReference: {fileID: 0}
    - target: {fileID: 400002, guid: 320b1c2af77554f99a1658df4a6d3d5c, type: 3}
      propertyPath: m_LocalRotation.w
      value: 0.095723525
      objectReference: {fileID: 0}
    - target: {fileID: 400002, guid: 320b1c2af77554f99a1658df4a6d3d5c, type: 3}
      propertyPath: m_LocalRotation.x
      value: -0.025782824
      objectReference: {fileID: 0}
    - target: {fileID: 400002, guid: 320b1c2af77554f99a1658df4a6d3d5c, type: 3}
      propertyPath: m_LocalRotation.y
      value: 0.95399094
      objectReference: {fileID: 0}
    - target: {fileID: 400002, guid: 320b1c2af77554f99a1658df4a6d3d5c, type: 3}
      propertyPath: m_LocalRotation.z
      value: 0.28297287
      objectReference: {fileID: 0}
    - target: {fileID: 400002, guid: 320b1c2af77554f99a1658df4a6d3d5c, type: 3}
      propertyPath: m_LocalEulerAnglesHint.x
      value: -33.014
      objectReference: {fileID: 0}
    - target: {fileID: 400002, guid: 320b1c2af77554f99a1658df4a6d3d5c, type: 3}
      propertyPath: m_LocalEulerAnglesHint.y
      value: -191.561
      objectReference: {fileID: 0}
    - target: {fileID: 400002, guid: 320b1c2af77554f99a1658df4a6d3d5c, type: 3}
      propertyPath: m_LocalEulerAnglesHint.z
      value: 0.34
      objectReference: {fileID: 0}
    - target: {fileID: 400006, guid: 320b1c2af77554f99a1658df4a6d3d5c, type: 3}
      propertyPath: m_LocalPosition.x
      value: -0.23838252
      objectReference: {fileID: 0}
    - target: {fileID: 400006, guid: 320b1c2af77554f99a1658df4a6d3d5c, type: 3}
      propertyPath: m_LocalPosition.y
      value: 0.03534907
      objectReference: {fileID: 0}
    - target: {fileID: 400006, guid: 320b1c2af77554f99a1658df4a6d3d5c, type: 3}
      propertyPath: m_LocalPosition.z
      value: -0.0012695603
      objectReference: {fileID: 0}
    - target: {fileID: 400006, guid: 320b1c2af77554f99a1658df4a6d3d5c, type: 3}
      propertyPath: m_LocalRotation.w
      value: 0.4206219
      objectReference: {fileID: 0}
    - target: {fileID: 400006, guid: 320b1c2af77554f99a1658df4a6d3d5c, type: 3}
      propertyPath: m_LocalRotation.x
      value: -0.055925094
      objectReference: {fileID: 0}
    - target: {fileID: 400006, guid: 320b1c2af77554f99a1658df4a6d3d5c, type: 3}
      propertyPath: m_LocalRotation.y
      value: 0.56753135
      objectReference: {fileID: 0}
    - target: {fileID: 400006, guid: 320b1c2af77554f99a1658df4a6d3d5c, type: 3}
      propertyPath: m_LocalRotation.z
      value: -0.70559037
      objectReference: {fileID: 0}
    - target: {fileID: 400006, guid: 320b1c2af77554f99a1658df4a6d3d5c, type: 3}
      propertyPath: m_LocalEulerAnglesHint.x
      value: 48.924
      objectReference: {fileID: 0}
    - target: {fileID: 400006, guid: 320b1c2af77554f99a1658df4a6d3d5c, type: 3}
      propertyPath: m_LocalEulerAnglesHint.y
      value: 57.858
      objectReference: {fileID: 0}
    - target: {fileID: 400006, guid: 320b1c2af77554f99a1658df4a6d3d5c, type: 3}
      propertyPath: m_LocalEulerAnglesHint.z
      value: -90.172
      objectReference: {fileID: 0}
    - target: {fileID: 400008, guid: 320b1c2af77554f99a1658df4a6d3d5c, type: 3}
      propertyPath: m_LocalPosition.x
      value: -0.07017025
      objectReference: {fileID: 0}
    - target: {fileID: 400008, guid: 320b1c2af77554f99a1658df4a6d3d5c, type: 3}
      propertyPath: m_LocalPosition.y
      value: 0.012521453
      objectReference: {fileID: 0}
    - target: {fileID: 400008, guid: 320b1c2af77554f99a1658df4a6d3d5c, type: 3}
      propertyPath: m_LocalPosition.z
      value: 0.025504632
      objectReference: {fileID: 0}
    - target: {fileID: 400008, guid: 320b1c2af77554f99a1658df4a6d3d5c, type: 3}
      propertyPath: m_LocalRotation.w
      value: 0.9992471
      objectReference: {fileID: 0}
    - target: {fileID: 400008, guid: 320b1c2af77554f99a1658df4a6d3d5c, type: 3}
      propertyPath: m_LocalRotation.x
      value: 0.0103075355
      objectReference: {fileID: 0}
    - target: {fileID: 400008, guid: 320b1c2af77554f99a1658df4a6d3d5c, type: 3}
      propertyPath: m_LocalRotation.y
      value: -0.00038535148
      objectReference: {fileID: 0}
    - target: {fileID: 400008, guid: 320b1c2af77554f99a1658df4a6d3d5c, type: 3}
      propertyPath: m_LocalRotation.z
      value: 0.037402943
      objectReference: {fileID: 0}
    - target: {fileID: 400008, guid: 320b1c2af77554f99a1658df4a6d3d5c, type: 3}
      propertyPath: m_LocalEulerAnglesHint.x
      value: 1.182
      objectReference: {fileID: 0}
    - target: {fileID: 400008, guid: 320b1c2af77554f99a1658df4a6d3d5c, type: 3}
      propertyPath: m_LocalEulerAnglesHint.z
      value: 4.287
      objectReference: {fileID: 0}
    - target: {fileID: 400010, guid: 320b1c2af77554f99a1658df4a6d3d5c, type: 3}
      propertyPath: m_LocalPosition.x
      value: -0.040646344
      objectReference: {fileID: 0}
    - target: {fileID: 400010, guid: 320b1c2af77554f99a1658df4a6d3d5c, type: 3}
      propertyPath: m_LocalPosition.y
      value: -0.00091623585
      objectReference: {fileID: 0}
    - target: {fileID: 400010, guid: 320b1c2af77554f99a1658df4a6d3d5c, type: 3}
      propertyPath: m_LocalPosition.z
      value: -0.000003529938
      objectReference: {fileID: 0}
    - target: {fileID: 400010, guid: 320b1c2af77554f99a1658df4a6d3d5c, type: 3}
      propertyPath: m_LocalRotation.w
      value: 0.98948896
      objectReference: {fileID: 0}
    - target: {fileID: 400010, guid: 320b1c2af77554f99a1658df4a6d3d5c, type: 3}
      propertyPath: m_LocalRotation.x
      value: 0.000777779
      objectReference: {fileID: 0}
    - target: {fileID: 400010, guid: 320b1c2af77554f99a1658df4a6d3d5c, type: 3}
      propertyPath: m_LocalRotation.y
      value: 0.00036902304
      objectReference: {fileID: 0}
    - target: {fileID: 400010, guid: 320b1c2af77554f99a1658df4a6d3d5c, type: 3}
      propertyPath: m_LocalRotation.z
      value: 0.14460643
      objectReference: {fileID: 0}
    - target: {fileID: 400010, guid: 320b1c2af77554f99a1658df4a6d3d5c, type: 3}
      propertyPath: m_LocalEulerAnglesHint.x
      value: 0.082
      objectReference: {fileID: 0}
    - target: {fileID: 400010, guid: 320b1c2af77554f99a1658df4a6d3d5c, type: 3}
      propertyPath: m_LocalEulerAnglesHint.y
      value: 0.055
      objectReference: {fileID: 0}
    - target: {fileID: 400010, guid: 320b1c2af77554f99a1658df4a6d3d5c, type: 3}
      propertyPath: m_LocalEulerAnglesHint.z
      value: 16.629
      objectReference: {fileID: 0}
    - target: {fileID: 400012, guid: 320b1c2af77554f99a1658df4a6d3d5c, type: 3}
      propertyPath: m_LocalPosition.x
      value: -0.02283655
      objectReference: {fileID: 0}
    - target: {fileID: 400012, guid: 320b1c2af77554f99a1658df4a6d3d5c, type: 3}
      propertyPath: m_LocalPosition.y
      value: -0.0022192993
      objectReference: {fileID: 0}
    - target: {fileID: 400012, guid: 320b1c2af77554f99a1658df4a6d3d5c, type: 3}
      propertyPath: m_LocalPosition.z
      value: 0.00005139204
      objectReference: {fileID: 0}
    - target: {fileID: 400012, guid: 320b1c2af77554f99a1658df4a6d3d5c, type: 3}
      propertyPath: m_LocalRotation.w
      value: 0.98125213
      objectReference: {fileID: 0}
    - target: {fileID: 400012, guid: 320b1c2af77554f99a1658df4a6d3d5c, type: 3}
      propertyPath: m_LocalRotation.x
      value: -0.01081376
      objectReference: {fileID: 0}
    - target: {fileID: 400012, guid: 320b1c2af77554f99a1658df4a6d3d5c, type: 3}
      propertyPath: m_LocalRotation.y
      value: 0.002120553
      objectReference: {fileID: 0}
    - target: {fileID: 400012, guid: 320b1c2af77554f99a1658df4a6d3d5c, type: 3}
      propertyPath: m_LocalRotation.z
      value: 0.19241293
      objectReference: {fileID: 0}
    - target: {fileID: 400012, guid: 320b1c2af77554f99a1658df4a6d3d5c, type: 3}
      propertyPath: m_LocalEulerAnglesHint.x
      value: -1.263
      objectReference: {fileID: 0}
    - target: {fileID: 400012, guid: 320b1c2af77554f99a1658df4a6d3d5c, type: 3}
      propertyPath: m_LocalEulerAnglesHint.z
      value: 22.189
      objectReference: {fileID: 0}
    - target: {fileID: 400014, guid: 320b1c2af77554f99a1658df4a6d3d5c, type: 3}
      propertyPath: m_LocalPosition.x
      value: -0.37182772
      objectReference: {fileID: 0}
    - target: {fileID: 400014, guid: 320b1c2af77554f99a1658df4a6d3d5c, type: 3}
      propertyPath: m_LocalPosition.y
      value: -0.0019522905
      objectReference: {fileID: 0}
    - target: {fileID: 400014, guid: 320b1c2af77554f99a1658df4a6d3d5c, type: 3}
      propertyPath: m_LocalPosition.z
      value: 0.07314986
      objectReference: {fileID: 0}
    - target: {fileID: 400014, guid: 320b1c2af77554f99a1658df4a6d3d5c, type: 3}
      propertyPath: m_LocalRotation.w
      value: 0.24574979
      objectReference: {fileID: 0}
    - target: {fileID: 400014, guid: 320b1c2af77554f99a1658df4a6d3d5c, type: 3}
      propertyPath: m_LocalRotation.x
      value: -0.33022267
      objectReference: {fileID: 0}
    - target: {fileID: 400014, guid: 320b1c2af77554f99a1658df4a6d3d5c, type: 3}
      propertyPath: m_LocalRotation.y
      value: -0.49678022
      objectReference: {fileID: 0}
    - target: {fileID: 400014, guid: 320b1c2af77554f99a1658df4a6d3d5c, type: 3}
      propertyPath: m_LocalRotation.z
      value: -0.7640481
      objectReference: {fileID: 0}
    - target: {fileID: 400014, guid: 320b1c2af77554f99a1658df4a6d3d5c, type: 3}
      propertyPath: m_LocalEulerAnglesHint.x
      value: -67.136
      objectReference: {fileID: 0}
    - target: {fileID: 400014, guid: 320b1c2af77554f99a1658df4a6d3d5c, type: 3}
      propertyPath: m_LocalEulerAnglesHint.y
      value: 42.092
      objectReference: {fileID: 0}
    - target: {fileID: 400014, guid: 320b1c2af77554f99a1658df4a6d3d5c, type: 3}
      propertyPath: m_LocalEulerAnglesHint.z
      value: -172.988
      objectReference: {fileID: 0}
    - target: {fileID: 400016, guid: 320b1c2af77554f99a1658df4a6d3d5c, type: 3}
      propertyPath: m_LocalPosition.x
      value: -0.071823575
      objectReference: {fileID: 0}
    - target: {fileID: 400016, guid: 320b1c2af77554f99a1658df4a6d3d5c, type: 3}
      propertyPath: m_LocalPosition.y
      value: 0.012434363
      objectReference: {fileID: 0}
    - target: {fileID: 400016, guid: 320b1c2af77554f99a1658df4a6d3d5c, type: 3}
      propertyPath: m_LocalPosition.z
      value: 0.0050562825
      objectReference: {fileID: 0}
    - target: {fileID: 400016, guid: 320b1c2af77554f99a1658df4a6d3d5c, type: 3}
      propertyPath: m_LocalRotation.w
      value: 0.9992815
      objectReference: {fileID: 0}
    - target: {fileID: 400016, guid: 320b1c2af77554f99a1658df4a6d3d5c, type: 3}
      propertyPath: m_LocalRotation.x
      value: 0.01030685
      objectReference: {fileID: 0}
    - target: {fileID: 400016, guid: 320b1c2af77554f99a1658df4a6d3d5c, type: 3}
      propertyPath: m_LocalRotation.y
      value: -0.00037816912
      objectReference: {fileID: 0}
    - target: {fileID: 400016, guid: 320b1c2af77554f99a1658df4a6d3d5c, type: 3}
      propertyPath: m_LocalRotation.z
      value: 0.036469676
      objectReference: {fileID: 0}
    - target: {fileID: 400016, guid: 320b1c2af77554f99a1658df4a6d3d5c, type: 3}
      propertyPath: m_LocalEulerAnglesHint.x
      value: 1.182
      objectReference: {fileID: 0}
    - target: {fileID: 400016, guid: 320b1c2af77554f99a1658df4a6d3d5c, type: 3}
      propertyPath: m_LocalEulerAnglesHint.z
      value: 4.18
      objectReference: {fileID: 0}
    - target: {fileID: 400018, guid: 320b1c2af77554f99a1658df4a6d3d5c, type: 3}
      propertyPath: m_LocalPosition.x
      value: -0.043885954
      objectReference: {fileID: 0}
    - target: {fileID: 400018, guid: 320b1c2af77554f99a1658df4a6d3d5c, type: 3}
      propertyPath: m_LocalPosition.y
      value: -0.0022762052
      objectReference: {fileID: 0}
    - target: {fileID: 400018, guid: 320b1c2af77554f99a1658df4a6d3d5c, type: 3}
      propertyPath: m_LocalPosition.z
      value: -0.00000021851156
      objectReference: {fileID: 0}
    - target: {fileID: 400018, guid: 320b1c2af77554f99a1658df4a6d3d5c, type: 3}
      propertyPath: m_LocalRotation.w
      value: 0.9896176
      objectReference: {fileID: 0}
    - target: {fileID: 400018, guid: 320b1c2af77554f99a1658df4a6d3d5c, type: 3}
      propertyPath: m_LocalRotation.x
      value: 0.0007223393
      objectReference: {fileID: 0}
    - target: {fileID: 400018, guid: 320b1c2af77554f99a1658df4a6d3d5c, type: 3}
      propertyPath: m_LocalRotation.y
      value: 0.0003239573
      objectReference: {fileID: 0}
    - target: {fileID: 400018, guid: 320b1c2af77554f99a1658df4a6d3d5c, type: 3}
      propertyPath: m_LocalRotation.z
      value: 0.14372326
      objectReference: {fileID: 0}
    - target: {fileID: 400018, guid: 320b1c2af77554f99a1658df4a6d3d5c, type: 3}
      propertyPath: m_LocalEulerAnglesHint.x
      value: 0.077
      objectReference: {fileID: 0}
    - target: {fileID: 400018, guid: 320b1c2af77554f99a1658df4a6d3d5c, type: 3}
      propertyPath: m_LocalEulerAnglesHint.y
      value: 0.049
      objectReference: {fileID: 0}
    - target: {fileID: 400018, guid: 320b1c2af77554f99a1658df4a6d3d5c, type: 3}
      propertyPath: m_LocalEulerAnglesHint.z
      value: 16.527
      objectReference: {fileID: 0}
    - target: {fileID: 400020, guid: 320b1c2af77554f99a1658df4a6d3d5c, type: 3}
      propertyPath: m_LocalPosition.x
      value: -0.024276461
      objectReference: {fileID: 0}
    - target: {fileID: 400020, guid: 320b1c2af77554f99a1658df4a6d3d5c, type: 3}
      propertyPath: m_LocalPosition.y
      value: -0.005258637
      objectReference: {fileID: 0}
    - target: {fileID: 400020, guid: 320b1c2af77554f99a1658df4a6d3d5c, type: 3}
      propertyPath: m_LocalPosition.z
      value: 0.00011733891
      objectReference: {fileID: 0}
    - target: {fileID: 400020, guid: 320b1c2af77554f99a1658df4a6d3d5c, type: 3}
      propertyPath: m_LocalRotation.w
      value: 0.98090017
      objectReference: {fileID: 0}
    - target: {fileID: 400020, guid: 320b1c2af77554f99a1658df4a6d3d5c, type: 3}
      propertyPath: m_LocalRotation.x
      value: -0.010750351
      objectReference: {fileID: 0}
    - target: {fileID: 400020, guid: 320b1c2af77554f99a1658df4a6d3d5c, type: 3}
      propertyPath: m_LocalRotation.y
      value: 0.0021281824
      objectReference: {fileID: 0}
    - target: {fileID: 400020, guid: 320b1c2af77554f99a1658df4a6d3d5c, type: 3}
      propertyPath: m_LocalRotation.z
      value: 0.19420326
      objectReference: {fileID: 0}
    - target: {fileID: 400020, guid: 320b1c2af77554f99a1658df4a6d3d5c, type: 3}
      propertyPath: m_LocalEulerAnglesHint.x
      value: -1.256
      objectReference: {fileID: 0}
    - target: {fileID: 400020, guid: 320b1c2af77554f99a1658df4a6d3d5c, type: 3}
      propertyPath: m_LocalEulerAnglesHint.z
      value: 22.398
      objectReference: {fileID: 0}
    - target: {fileID: 400022, guid: 320b1c2af77554f99a1658df4a6d3d5c, type: 3}
      propertyPath: m_LocalPosition.x
      value: -0.07209418
      objectReference: {fileID: 0}
    - target: {fileID: 400022, guid: 320b1c2af77554f99a1658df4a6d3d5c, type: 3}
      propertyPath: m_LocalPosition.y
      value: 0.0124149155
      objectReference: {fileID: 0}
    - target: {fileID: 400022, guid: 320b1c2af77554f99a1658df4a6d3d5c, type: 3}
      propertyPath: m_LocalPosition.z
      value: -0.03323713
      objectReference: {fileID: 0}
    - target: {fileID: 400022, guid: 320b1c2af77554f99a1658df4a6d3d5c, type: 3}
      propertyPath: m_LocalRotation.w
      value: 0.99909616
      objectReference: {fileID: 0}
    - target: {fileID: 400022, guid: 320b1c2af77554f99a1658df4a6d3d5c, type: 3}
      propertyPath: m_LocalRotation.x
      value: 0.010304537
      objectReference: {fileID: 0}
    - target: {fileID: 400022, guid: 320b1c2af77554f99a1658df4a6d3d5c, type: 3}
      propertyPath: m_LocalRotation.y
      value: -0.00042743966
      objectReference: {fileID: 0}
    - target: {fileID: 400022, guid: 320b1c2af77554f99a1658df4a6d3d5c, type: 3}
      propertyPath: m_LocalRotation.z
      value: 0.041236818
      objectReference: {fileID: 0}
    - target: {fileID: 400022, guid: 320b1c2af77554f99a1658df4a6d3d5c, type: 3}
      propertyPath: m_LocalEulerAnglesHint.x
      value: 1.182
      objectReference: {fileID: 0}
    - target: {fileID: 400022, guid: 320b1c2af77554f99a1658df4a6d3d5c, type: 3}
      propertyPath: m_LocalEulerAnglesHint.z
      value: 4.727
      objectReference: {fileID: 0}
    - target: {fileID: 400024, guid: 320b1c2af77554f99a1658df4a6d3d5c, type: 3}
      propertyPath: m_LocalPosition.x
      value: -0.030515412
      objectReference: {fileID: 0}
    - target: {fileID: 400024, guid: 320b1c2af77554f99a1658df4a6d3d5c, type: 3}
      propertyPath: m_LocalPosition.y
      value: 0.001273216
      objectReference: {fileID: 0}
    - target: {fileID: 400024, guid: 320b1c2af77554f99a1658df4a6d3d5c, type: 3}
      propertyPath: m_LocalPosition.z
      value: 0.000003355577
      objectReference: {fileID: 0}
    - target: {fileID: 400024, guid: 320b1c2af77554f99a1658df4a6d3d5c, type: 3}
      propertyPath: m_LocalRotation.w
      value: 0.9889517
      objectReference: {fileID: 0}
    - target: {fileID: 400024, guid: 320b1c2af77554f99a1658df4a6d3d5c, type: 3}
      propertyPath: m_LocalRotation.x
      value: 0.0010144644
      objectReference: {fileID: 0}
    - target: {fileID: 400024, guid: 320b1c2af77554f99a1658df4a6d3d5c, type: 3}
      propertyPath: m_LocalRotation.y
      value: 0.000562134
      objectReference: {fileID: 0}
    - target: {fileID: 400024, guid: 320b1c2af77554f99a1658df4a6d3d5c, type: 3}
      propertyPath: m_LocalRotation.z
      value: 0.14823364
      objectReference: {fileID: 0}
    - target: {fileID: 400024, guid: 320b1c2af77554f99a1658df4a6d3d5c, type: 3}
      propertyPath: m_LocalEulerAnglesHint.x
      value: 0.105
      objectReference: {fileID: 0}
    - target: {fileID: 400024, guid: 320b1c2af77554f99a1658df4a6d3d5c, type: 3}
      propertyPath: m_LocalEulerAnglesHint.y
      value: 0.081
      objectReference: {fileID: 0}
    - target: {fileID: 400024, guid: 320b1c2af77554f99a1658df4a6d3d5c, type: 3}
      propertyPath: m_LocalEulerAnglesHint.z
      value: 17.049
      objectReference: {fileID: 0}
    - target: {fileID: 400026, guid: 320b1c2af77554f99a1658df4a6d3d5c, type: 3}
      propertyPath: m_LocalPosition.x
      value: -0.018118186
      objectReference: {fileID: 0}
    - target: {fileID: 400026, guid: 320b1c2af77554f99a1658df4a6d3d5c, type: 3}
      propertyPath: m_LocalPosition.y
      value: 0.003593045
      objectReference: {fileID: 0}
    - target: {fileID: 400026, guid: 320b1c2af77554f99a1658df4a6d3d5c, type: 3}
      propertyPath: m_LocalPosition.z
      value: -0.00008105594
      objectReference: {fileID: 0}
    - target: {fileID: 400026, guid: 320b1c2af77554f99a1658df4a6d3d5c, type: 3}
      propertyPath: m_LocalRotation.w
      value: 0.98266566
      objectReference: {fileID: 0}
    - target: {fileID: 400026, guid: 320b1c2af77554f99a1658df4a6d3d5c, type: 3}
      propertyPath: m_LocalRotation.x
      value: -0.011083065
      objectReference: {fileID: 0}
    - target: {fileID: 400026, guid: 320b1c2af77554f99a1658df4a6d3d5c, type: 3}
      propertyPath: m_LocalRotation.y
      value: 0.0020873542
      objectReference: {fileID: 0}
    - target: {fileID: 400026, guid: 320b1c2af77554f99a1658df4a6d3d5c, type: 3}
      propertyPath: m_LocalRotation.z
      value: 0.18504335
      objectReference: {fileID: 0}
    - target: {fileID: 400026, guid: 320b1c2af77554f99a1658df4a6d3d5c, type: 3}
      propertyPath: m_LocalEulerAnglesHint.x
      value: -1.292
      objectReference: {fileID: 0}
    - target: {fileID: 400026, guid: 320b1c2af77554f99a1658df4a6d3d5c, type: 3}
      propertyPath: m_LocalEulerAnglesHint.z
      value: 21.329
      objectReference: {fileID: 0}
    - target: {fileID: 400028, guid: 320b1c2af77554f99a1658df4a6d3d5c, type: 3}
      propertyPath: m_LocalPosition.x
      value: -0.07224571
      objectReference: {fileID: 0}
    - target: {fileID: 400028, guid: 320b1c2af77554f99a1658df4a6d3d5c, type: 3}
      propertyPath: m_LocalPosition.y
      value: 0.012410492
      objectReference: {fileID: 0}
    - target: {fileID: 400028, guid: 320b1c2af77554f99a1658df4a6d3d5c, type: 3}
      propertyPath: m_LocalPosition.z
      value: -0.014863057
      objectReference: {fileID: 0}
    - target: {fileID: 400028, guid: 320b1c2af77554f99a1658df4a6d3d5c, type: 3}
      propertyPath: m_LocalRotation.w
      value: 0.99922174
      objectReference: {fileID: 0}
    - target: {fileID: 400028, guid: 320b1c2af77554f99a1658df4a6d3d5c, type: 3}
      propertyPath: m_LocalRotation.x
      value: 0.01030649
      objectReference: {fileID: 0}
    - target: {fileID: 400028, guid: 320b1c2af77554f99a1658df4a6d3d5c, type: 3}
      propertyPath: m_LocalRotation.y
      value: -0.00039280197
      objectReference: {fileID: 0}
    - target: {fileID: 400028, guid: 320b1c2af77554f99a1658df4a6d3d5c, type: 3}
      propertyPath: m_LocalRotation.z
      value: 0.038073108
      objectReference: {fileID: 0}
    - target: {fileID: 400028, guid: 320b1c2af77554f99a1658df4a6d3d5c, type: 3}
      propertyPath: m_LocalEulerAnglesHint.x
      value: 1.182
      objectReference: {fileID: 0}
    - target: {fileID: 400028, guid: 320b1c2af77554f99a1658df4a6d3d5c, type: 3}
      propertyPath: m_LocalEulerAnglesHint.z
      value: 4.364
      objectReference: {fileID: 0}
    - target: {fileID: 400030, guid: 320b1c2af77554f99a1658df4a6d3d5c, type: 3}
      propertyPath: m_LocalPosition.x
      value: -0.03821322
      objectReference: {fileID: 0}
    - target: {fileID: 400030, guid: 320b1c2af77554f99a1658df4a6d3d5c, type: 3}
      propertyPath: m_LocalPosition.y
      value: -0.0008567134
      objectReference: {fileID: 0}
    - target: {fileID: 400030, guid: 320b1c2af77554f99a1658df4a6d3d5c, type: 3}
      propertyPath: m_LocalPosition.z
      value: 0.000000512111
      objectReference: {fileID: 0}
    - target: {fileID: 400030, guid: 320b1c2af77554f99a1658df4a6d3d5c, type: 3}
      propertyPath: m_LocalRotation.w
      value: 0.98939615
      objectReference: {fileID: 0}
    - target: {fileID: 400030, guid: 320b1c2af77554f99a1658df4a6d3d5c, type: 3}
      propertyPath: m_LocalRotation.x
      value: 0.00081733987
      objectReference: {fileID: 0}
    - target: {fileID: 400030, guid: 320b1c2af77554f99a1658df4a6d3d5c, type: 3}
      propertyPath: m_LocalRotation.y
      value: 0.00040235816
      objectReference: {fileID: 0}
    - target: {fileID: 400030, guid: 320b1c2af77554f99a1658df4a6d3d5c, type: 3}
      propertyPath: m_LocalRotation.z
      value: 0.14523919
      objectReference: {fileID: 0}
    - target: {fileID: 400030, guid: 320b1c2af77554f99a1658df4a6d3d5c, type: 3}
      propertyPath: m_LocalEulerAnglesHint.x
      value: 0.086
      objectReference: {fileID: 0}
    - target: {fileID: 400030, guid: 320b1c2af77554f99a1658df4a6d3d5c, type: 3}
      propertyPath: m_LocalEulerAnglesHint.y
      value: 0.059
      objectReference: {fileID: 0}
    - target: {fileID: 400030, guid: 320b1c2af77554f99a1658df4a6d3d5c, type: 3}
      propertyPath: m_LocalEulerAnglesHint.z
      value: 16.702
      objectReference: {fileID: 0}
    - target: {fileID: 400032, guid: 320b1c2af77554f99a1658df4a6d3d5c, type: 3}
      propertyPath: m_LocalPosition.x
      value: -0.02169464
      objectReference: {fileID: 0}
    - target: {fileID: 400032, guid: 320b1c2af77554f99a1658df4a6d3d5c, type: 3}
      propertyPath: m_LocalPosition.y
      value: -0.001659043
      objectReference: {fileID: 0}
    - target: {fileID: 400032, guid: 320b1c2af77554f99a1658df4a6d3d5c, type: 3}
      propertyPath: m_LocalPosition.z
      value: 0.00003921677
      objectReference: {fileID: 0}
    - target: {fileID: 400032, guid: 320b1c2af77554f99a1658df4a6d3d5c, type: 3}
      propertyPath: m_LocalRotation.w
      value: 0.9815034
      objectReference: {fileID: 0}
    - target: {fileID: 400032, guid: 320b1c2af77554f99a1658df4a6d3d5c, type: 3}
      propertyPath: m_LocalRotation.x
      value: -0.010860307
      objectReference: {fileID: 0}
    - target: {fileID: 400032, guid: 320b1c2af77554f99a1658df4a6d3d5c, type: 3}
      propertyPath: m_LocalRotation.y
      value: 0.0021132939
      objectReference: {fileID: 0}
    - target: {fileID: 400032, guid: 320b1c2af77554f99a1658df4a6d3d5c, type: 3}
      propertyPath: m_LocalRotation.z
      value: 0.19112442
      objectReference: {fileID: 0}
    - target: {fileID: 400032, guid: 320b1c2af77554f99a1658df4a6d3d5c, type: 3}
      propertyPath: m_LocalEulerAnglesHint.x
      value: -1.268
      objectReference: {fileID: 0}
    - target: {fileID: 400032, guid: 320b1c2af77554f99a1658df4a6d3d5c, type: 3}
      propertyPath: m_LocalEulerAnglesHint.z
      value: 22.038
      objectReference: {fileID: 0}
    - target: {fileID: 400034, guid: 320b1c2af77554f99a1658df4a6d3d5c, type: 3}
      propertyPath: m_LocalPosition.x
      value: -0.24796565
      objectReference: {fileID: 0}
    - target: {fileID: 400034, guid: 320b1c2af77554f99a1658df4a6d3d5c, type: 3}
      propertyPath: m_LocalPosition.y
      value: -0.01896817
      objectReference: {fileID: 0}
    - target: {fileID: 400034, guid: 320b1c2af77554f99a1658df4a6d3d5c, type: 3}
      propertyPath: m_LocalPosition.z
      value: 0.13130729
      objectReference: {fileID: 0}
    - target: {fileID: 400034, guid: 320b1c2af77554f99a1658df4a6d3d5c, type: 3}
      propertyPath: m_LocalRotation.w
      value: 0.6340396
      objectReference: {fileID: 0}
    - target: {fileID: 400034, guid: 320b1c2af77554f99a1658df4a6d3d5c, type: 3}
      propertyPath: m_LocalRotation.x
      value: -0.33065212
      objectReference: {fileID: 0}
    - target: {fileID: 400034, guid: 320b1c2af77554f99a1658df4a6d3d5c, type: 3}
      propertyPath: m_LocalRotation.y
      value: 0.51406413
      objectReference: {fileID: 0}
    - target: {fileID: 400034, guid: 320b1c2af77554f99a1658df4a6d3d5c, type: 3}
      propertyPath: m_LocalRotation.z
      value: 0.47371
      objectReference: {fileID: 0}
    - target: {fileID: 400034, guid: 320b1c2af77554f99a1658df4a6d3d5c, type: 3}
      propertyPath: m_LocalEulerAnglesHint.x
      value: -65.003
      objectReference: {fileID: 0}
    - target: {fileID: 400034, guid: 320b1c2af77554f99a1658df4a6d3d5c, type: 3}
      propertyPath: m_LocalEulerAnglesHint.y
      value: 53.254
      objectReference: {fileID: 0}
    - target: {fileID: 400034, guid: 320b1c2af77554f99a1658df4a6d3d5c, type: 3}
      propertyPath: m_LocalEulerAnglesHint.z
      value: 38.101
      objectReference: {fileID: 0}
    - target: {fileID: 400036, guid: 320b1c2af77554f99a1658df4a6d3d5c, type: 3}
      propertyPath: m_LocalPosition.x
      value: -0.12213838
      objectReference: {fileID: 0}
    - target: {fileID: 400036, guid: 320b1c2af77554f99a1658df4a6d3d5c, type: 3}
      propertyPath: m_LocalPosition.y
      value: 0.011320841
      objectReference: {fileID: 0}
    - target: {fileID: 400036, guid: 320b1c2af77554f99a1658df4a6d3d5c, type: 3}
      propertyPath: m_LocalPosition.z
      value: -0.06892586
      objectReference: {fileID: 0}
    - target: {fileID: 400036, guid: 320b1c2af77554f99a1658df4a6d3d5c, type: 3}
      propertyPath: m_LocalRotation.w
      value: 0.1899104
      objectReference: {fileID: 0}
    - target: {fileID: 400036, guid: 320b1c2af77554f99a1658df4a6d3d5c, type: 3}
      propertyPath: m_LocalRotation.x
      value: 0.6242819
      objectReference: {fileID: 0}
    - target: {fileID: 400036, guid: 320b1c2af77554f99a1658df4a6d3d5c, type: 3}
      propertyPath: m_LocalRotation.y
      value: -0.66240865
      objectReference: {fileID: 0}
    - target: {fileID: 400036, guid: 320b1c2af77554f99a1658df4a6d3d5c, type: 3}
      propertyPath: m_LocalRotation.z
      value: 0.36799592
      objectReference: {fileID: 0}
    - target: {fileID: 400036, guid: 320b1c2af77554f99a1658df4a6d3d5c, type: 3}
      propertyPath: m_LocalEulerAnglesHint.x
      value: -226.439
      objectReference: {fileID: 0}
    - target: {fileID: 400036, guid: 320b1c2af77554f99a1658df4a6d3d5c, type: 3}
      propertyPath: m_LocalEulerAnglesHint.y
      value: -17.556
      objectReference: {fileID: 0}
    - target: {fileID: 400036, guid: 320b1c2af77554f99a1658df4a6d3d5c, type: 3}
      propertyPath: m_LocalEulerAnglesHint.z
      value: 85.814
      objectReference: {fileID: 0}
    - target: {fileID: 400038, guid: 320b1c2af77554f99a1658df4a6d3d5c, type: 3}
      propertyPath: m_LocalPosition.x
      value: -0.04690075
      objectReference: {fileID: 0}
    - target: {fileID: 400038, guid: 320b1c2af77554f99a1658df4a6d3d5c, type: 3}
      propertyPath: m_LocalPosition.y
      value: -0.0048628077
      objectReference: {fileID: 0}
    - target: {fileID: 400038, guid: 320b1c2af77554f99a1658df4a6d3d5c, type: 3}
      propertyPath: m_LocalPosition.z
      value: 0.046950873
      objectReference: {fileID: 0}
    - target: {fileID: 400038, guid: 320b1c2af77554f99a1658df4a6d3d5c, type: 3}
      propertyPath: m_LocalRotation.w
      value: 0.8646562
      objectReference: {fileID: 0}
    - target: {fileID: 400038, guid: 320b1c2af77554f99a1658df4a6d3d5c, type: 3}
      propertyPath: m_LocalRotation.x
      value: 0.40601373
      objectReference: {fileID: 0}
    - target: {fileID: 400038, guid: 320b1c2af77554f99a1658df4a6d3d5c, type: 3}
      propertyPath: m_LocalRotation.y
      value: 0.26208395
      objectReference: {fileID: 0}
    - target: {fileID: 400038, guid: 320b1c2af77554f99a1658df4a6d3d5c, type: 3}
      propertyPath: m_LocalRotation.z
      value: -0.13723871
      objectReference: {fileID: 0}
    - target: {fileID: 400038, guid: 320b1c2af77554f99a1658df4a6d3d5c, type: 3}
      propertyPath: m_LocalEulerAnglesHint.x
      value: 50.72
      objectReference: {fileID: 0}
    - target: {fileID: 400038, guid: 320b1c2af77554f99a1658df4a6d3d5c, type: 3}
      propertyPath: m_LocalEulerAnglesHint.y
      value: 32.673
      objectReference: {fileID: 0}
    - target: {fileID: 400038, guid: 320b1c2af77554f99a1658df4a6d3d5c, type: 3}
      propertyPath: m_LocalEulerAnglesHint.z
      value: -2.219
      objectReference: {fileID: 0}
    - target: {fileID: 400044, guid: 320b1c2af77554f99a1658df4a6d3d5c, type: 3}
      propertyPath: m_LocalPosition.x
      value: -0.06358592
      objectReference: {fileID: 0}
    - target: {fileID: 400044, guid: 320b1c2af77554f99a1658df4a6d3d5c, type: 3}
      propertyPath: m_LocalPosition.y
      value: -0.000000011175871
      objectReference: {fileID: 0}
    - target: {fileID: 400044, guid: 320b1c2af77554f99a1658df4a6d3d5c, type: 3}
      propertyPath: m_LocalPosition.z
      value: -0.000000067055225
      objectReference: {fileID: 0}
    - target: {fileID: 400044, guid: 320b1c2af77554f99a1658df4a6d3d5c, type: 3}
      propertyPath: m_LocalRotation.w
      value: 0.74958676
      objectReference: {fileID: 0}
    - target: {fileID: 400044, guid: 320b1c2af77554f99a1658df4a6d3d5c, type: 3}
      propertyPath: m_LocalRotation.x
      value: 0.08767942
      objectReference: {fileID: 0}
    - target: {fileID: 400044, guid: 320b1c2af77554f99a1658df4a6d3d5c, type: 3}
      propertyPath: m_LocalRotation.y
      value: 0.054405477
      objectReference: {fileID: 0}
    - target: {fileID: 400044, guid: 320b1c2af77554f99a1658df4a6d3d5c, type: 3}
      propertyPath: m_LocalRotation.z
      value: 0.6538134
      objectReference: {fileID: 0}
    - target: {fileID: 400044, guid: 320b1c2af77554f99a1658df4a6d3d5c, type: 3}
      propertyPath: m_LocalEulerAnglesHint.x
      value: 3.457
      objectReference: {fileID: 0}
    - target: {fileID: 400044, guid: 320b1c2af77554f99a1658df4a6d3d5c, type: 3}
      propertyPath: m_LocalEulerAnglesHint.y
      value: 11.337
      objectReference: {fileID: 0}
    - target: {fileID: 400044, guid: 320b1c2af77554f99a1658df4a6d3d5c, type: 3}
      propertyPath: m_LocalEulerAnglesHint.z
      value: 82.535
      objectReference: {fileID: 0}
    - target: {fileID: 400046, guid: 320b1c2af77554f99a1658df4a6d3d5c, type: 3}
      propertyPath: m_LocalPosition.x
      value: -0.17694575
      objectReference: {fileID: 0}
    - target: {fileID: 400046, guid: 320b1c2af77554f99a1658df4a6d3d5c, type: 3}
      propertyPath: m_LocalPosition.y
      value: -0.2483044
      objectReference: {fileID: 0}
    - target: {fileID: 400046, guid: 320b1c2af77554f99a1658df4a6d3d5c, type: 3}
      propertyPath: m_LocalPosition.z
      value: 0.041914135
      objectReference: {fileID: 0}
    - target: {fileID: 400046, guid: 320b1c2af77554f99a1658df4a6d3d5c, type: 3}
      propertyPath: m_LocalRotation.w
      value: 0.8114045
      objectReference: {fileID: 0}
    - target: {fileID: 400046, guid: 320b1c2af77554f99a1658df4a6d3d5c, type: 3}
      propertyPath: m_LocalRotation.x
      value: 0.22793186
      objectReference: {fileID: 0}
    - target: {fileID: 400046, guid: 320b1c2af77554f99a1658df4a6d3d5c, type: 3}
      propertyPath: m_LocalRotation.y
      value: 0.13854922
      objectReference: {fileID: 0}
    - target: {fileID: 400046, guid: 320b1c2af77554f99a1658df4a6d3d5c, type: 3}
      propertyPath: m_LocalRotation.z
      value: 0.52007115
      objectReference: {fileID: 0}
    - target: {fileID: 400046, guid: 320b1c2af77554f99a1658df4a6d3d5c, type: 3}
      propertyPath: m_LocalEulerAnglesHint.x
      value: 13.049
      objectReference: {fileID: 0}
    - target: {fileID: 400046, guid: 320b1c2af77554f99a1658df4a6d3d5c, type: 3}
      propertyPath: m_LocalEulerAnglesHint.y
      value: 28.305
      objectReference: {fileID: 0}
    - target: {fileID: 400046, guid: 320b1c2af77554f99a1658df4a6d3d5c, type: 3}
      propertyPath: m_LocalEulerAnglesHint.z
      value: 68.62
      objectReference: {fileID: 0}
    - target: {fileID: 400048, guid: 320b1c2af77554f99a1658df4a6d3d5c, type: 3}
      propertyPath: m_LocalPosition.x
      value: -0.39539915
      objectReference: {fileID: 0}
    - target: {fileID: 400048, guid: 320b1c2af77554f99a1658df4a6d3d5c, type: 3}
      propertyPath: m_LocalPosition.y
      value: -0.00000012665987
      objectReference: {fileID: 0}
    - target: {fileID: 400048, guid: 320b1c2af77554f99a1658df4a6d3d5c, type: 3}
      propertyPath: m_LocalPosition.z
      value: -0.00000003678724
      objectReference: {fileID: 0}
    - target: {fileID: 400048, guid: 320b1c2af77554f99a1658df4a6d3d5c, type: 3}
      propertyPath: m_LocalRotation.w
      value: 0.954017
      objectReference: {fileID: 0}
    - target: {fileID: 400048, guid: 320b1c2af77554f99a1658df4a6d3d5c, type: 3}
      propertyPath: m_LocalRotation.x
      value: -0.25809556
      objectReference: {fileID: 0}
    - target: {fileID: 400048, guid: 320b1c2af77554f99a1658df4a6d3d5c, type: 3}
      propertyPath: m_LocalRotation.y
      value: -0.016945314
      objectReference: {fileID: 0}
    - target: {fileID: 400048, guid: 320b1c2af77554f99a1658df4a6d3d5c, type: 3}
      propertyPath: m_LocalRotation.z
      value: -0.15149626
      objectReference: {fileID: 0}
    - target: {fileID: 400048, guid: 320b1c2af77554f99a1658df4a6d3d5c, type: 3}
      propertyPath: m_LocalEulerAnglesHint.x
      value: -29.841
      objectReference: {fileID: 0}
    - target: {fileID: 400048, guid: 320b1c2af77554f99a1658df4a6d3d5c, type: 3}
      propertyPath: m_LocalEulerAnglesHint.y
      value: 3.031
      objectReference: {fileID: 0}
    - target: {fileID: 400048, guid: 320b1c2af77554f99a1658df4a6d3d5c, type: 3}
      propertyPath: m_LocalEulerAnglesHint.z
      value: -18.854
      objectReference: {fileID: 0}
    - target: {fileID: 400050, guid: 320b1c2af77554f99a1658df4a6d3d5c, type: 3}
      propertyPath: m_LocalPosition.x
      value: -0.0802447
      objectReference: {fileID: 0}
    - target: {fileID: 400050, guid: 320b1c2af77554f99a1658df4a6d3d5c, type: 3}
      propertyPath: m_LocalPosition.y
      value: 0.0006210506
      objectReference: {fileID: 0}
    - target: {fileID: 400050, guid: 320b1c2af77554f99a1658df4a6d3d5c, type: 3}
      propertyPath: m_LocalPosition.z
      value: -0.00000044703484
      objectReference: {fileID: 0}
    - target: {fileID: 400050, guid: 320b1c2af77554f99a1658df4a6d3d5c, type: 3}
      propertyPath: m_LocalRotation.w
      value: 0.9666804
      objectReference: {fileID: 0}
    - target: {fileID: 400050, guid: 320b1c2af77554f99a1658df4a6d3d5c, type: 3}
      propertyPath: m_LocalRotation.x
      value: 0.24114974
      objectReference: {fileID: 0}
    - target: {fileID: 400050, guid: 320b1c2af77554f99a1658df4a6d3d5c, type: 3}
      propertyPath: m_LocalRotation.y
      value: -0.08509767
      objectReference: {fileID: 0}
    - target: {fileID: 400050, guid: 320b1c2af77554f99a1658df4a6d3d5c, type: 3}
      propertyPath: m_LocalRotation.z
      value: 0.011582613
      objectReference: {fileID: 0}
    - target: {fileID: 400050, guid: 320b1c2af77554f99a1658df4a6d3d5c, type: 3}
      propertyPath: m_LocalEulerAnglesHint.x
      value: 27.918
      objectReference: {fileID: 0}
    - target: {fileID: 400050, guid: 320b1c2af77554f99a1658df4a6d3d5c, type: 3}
      propertyPath: m_LocalEulerAnglesHint.y
      value: -10.362
      objectReference: {fileID: 0}
    - target: {fileID: 400050, guid: 320b1c2af77554f99a1658df4a6d3d5c, type: 3}
      propertyPath: m_LocalEulerAnglesHint.z
      value: -1.209
      objectReference: {fileID: 0}
    - target: {fileID: 400054, guid: 320b1c2af77554f99a1658df4a6d3d5c, type: 3}
      propertyPath: m_LocalPosition.x
      value: 0.24062067
      objectReference: {fileID: 0}
    - target: {fileID: 400054, guid: 320b1c2af77554f99a1658df4a6d3d5c, type: 3}
      propertyPath: m_LocalPosition.y
      value: 0.0051438957
      objectReference: {fileID: 0}
    - target: {fileID: 400054, guid: 320b1c2af77554f99a1658df4a6d3d5c, type: 3}
      propertyPath: m_LocalPosition.z
      value: -0.012118161
      objectReference: {fileID: 0}
    - target: {fileID: 400054, guid: 320b1c2af77554f99a1658df4a6d3d5c, type: 3}
      propertyPath: m_LocalRotation.w
      value: 0.4229919
      objectReference: {fileID: 0}
    - target: {fileID: 400054, guid: 320b1c2af77554f99a1658df4a6d3d5c, type: 3}
      propertyPath: m_LocalRotation.x
      value: 0.7442686
      objectReference: {fileID: 0}
    - target: {fileID: 400054, guid: 320b1c2af77554f99a1658df4a6d3d5c, type: 3}
      propertyPath: m_LocalRotation.y
      value: 0.13182455
      objectReference: {fileID: 0}
    - target: {fileID: 400054, guid: 320b1c2af77554f99a1658df4a6d3d5c, type: 3}
      propertyPath: m_LocalRotation.z
      value: -0.49976435
      objectReference: {fileID: 0}
    - target: {fileID: 400054, guid: 320b1c2af77554f99a1658df4a6d3d5c, type: 3}
      propertyPath: m_LocalEulerAnglesHint.x
      value: 49.588
      objectReference: {fileID: 0}
    - target: {fileID: 400054, guid: 320b1c2af77554f99a1658df4a6d3d5c, type: 3}
      propertyPath: m_LocalEulerAnglesHint.y
      value: 257.29102
      objectReference: {fileID: 0}
    - target: {fileID: 400054, guid: 320b1c2af77554f99a1658df4a6d3d5c, type: 3}
      propertyPath: m_LocalEulerAnglesHint.z
      value: 200.456
      objectReference: {fileID: 0}
    - target: {fileID: 400056, guid: 320b1c2af77554f99a1658df4a6d3d5c, type: 3}
      propertyPath: m_LocalPosition.x
      value: 0.07023841
      objectReference: {fileID: 0}
    - target: {fileID: 400056, guid: 320b1c2af77554f99a1658df4a6d3d5c, type: 3}
      propertyPath: m_LocalPosition.y
      value: -0.016327564
      objectReference: {fileID: 0}
    - target: {fileID: 400056, guid: 320b1c2af77554f99a1658df4a6d3d5c, type: 3}
      propertyPath: m_LocalPosition.z
      value: -0.026700642
      objectReference: {fileID: 0}
    - target: {fileID: 400056, guid: 320b1c2af77554f99a1658df4a6d3d5c, type: 3}
      propertyPath: m_LocalRotation.w
      value: 0.97290146
      objectReference: {fileID: 0}
    - target: {fileID: 400056, guid: 320b1c2af77554f99a1658df4a6d3d5c, type: 3}
      propertyPath: m_LocalRotation.x
      value: -0.014153568
      objectReference: {fileID: 0}
    - target: {fileID: 400056, guid: 320b1c2af77554f99a1658df4a6d3d5c, type: 3}
      propertyPath: m_LocalRotation.y
      value: -0.035038706
      objectReference: {fileID: 0}
    - target: {fileID: 400056, guid: 320b1c2af77554f99a1658df4a6d3d5c, type: 3}
      propertyPath: m_LocalRotation.z
      value: 0.22811109
      objectReference: {fileID: 0}
    - target: {fileID: 400056, guid: 320b1c2af77554f99a1658df4a6d3d5c, type: 3}
      propertyPath: m_LocalEulerAnglesHint.x
      value: -0.662
      objectReference: {fileID: 0}
    - target: {fileID: 400056, guid: 320b1c2af77554f99a1658df4a6d3d5c, type: 3}
      propertyPath: m_LocalEulerAnglesHint.y
      value: -4.281
      objectReference: {fileID: 0}
    - target: {fileID: 400056, guid: 320b1c2af77554f99a1658df4a6d3d5c, type: 3}
      propertyPath: m_LocalEulerAnglesHint.z
      value: 26.416
      objectReference: {fileID: 0}
    - target: {fileID: 400058, guid: 320b1c2af77554f99a1658df4a6d3d5c, type: 3}
      propertyPath: m_LocalPosition.x
      value: 0.0401392
      objectReference: {fileID: 0}
    - target: {fileID: 400058, guid: 320b1c2af77554f99a1658df4a6d3d5c, type: 3}
      propertyPath: m_LocalPosition.y
      value: 0.002903142
      objectReference: {fileID: 0}
    - target: {fileID: 400058, guid: 320b1c2af77554f99a1658df4a6d3d5c, type: 3}
      propertyPath: m_LocalPosition.z
      value: 0.000004308764
      objectReference: {fileID: 0}
    - target: {fileID: 400058, guid: 320b1c2af77554f99a1658df4a6d3d5c, type: 3}
      propertyPath: m_LocalRotation.w
      value: 0.9920234
      objectReference: {fileID: 0}
    - target: {fileID: 400058, guid: 320b1c2af77554f99a1658df4a6d3d5c, type: 3}
      propertyPath: m_LocalRotation.x
      value: 0.00076176214
      objectReference: {fileID: 0}
    - target: {fileID: 400058, guid: 320b1c2af77554f99a1658df4a6d3d5c, type: 3}
      propertyPath: m_LocalRotation.y
      value: 0.00039496267
      objectReference: {fileID: 0}
    - target: {fileID: 400058, guid: 320b1c2af77554f99a1658df4a6d3d5c, type: 3}
      propertyPath: m_LocalRotation.z
      value: 0.12605105
      objectReference: {fileID: 0}
    - target: {fileID: 400058, guid: 320b1c2af77554f99a1658df4a6d3d5c, type: 3}
      propertyPath: m_LocalEulerAnglesHint.x
      value: 0.081
      objectReference: {fileID: 0}
    - target: {fileID: 400058, guid: 320b1c2af77554f99a1658df4a6d3d5c, type: 3}
      propertyPath: m_LocalEulerAnglesHint.y
      value: 0.056
      objectReference: {fileID: 0}
    - target: {fileID: 400058, guid: 320b1c2af77554f99a1658df4a6d3d5c, type: 3}
      propertyPath: m_LocalEulerAnglesHint.z
      value: 14.483
      objectReference: {fileID: 0}
    - target: {fileID: 400060, guid: 320b1c2af77554f99a1658df4a6d3d5c, type: 3}
      propertyPath: m_LocalPosition.x
      value: 0.0220041
      objectReference: {fileID: 0}
    - target: {fileID: 400060, guid: 320b1c2af77554f99a1658df4a6d3d5c, type: 3}
      propertyPath: m_LocalPosition.y
      value: -0.0008316742
      objectReference: {fileID: 0}
    - target: {fileID: 400060, guid: 320b1c2af77554f99a1658df4a6d3d5c, type: 3}
      propertyPath: m_LocalPosition.z
      value: -0.00036907135
      objectReference: {fileID: 0}
    - target: {fileID: 400060, guid: 320b1c2af77554f99a1658df4a6d3d5c, type: 3}
      propertyPath: m_LocalRotation.w
      value: 0.96907425
      objectReference: {fileID: 0}
    - target: {fileID: 400060, guid: 320b1c2af77554f99a1658df4a6d3d5c, type: 3}
      propertyPath: m_LocalRotation.x
      value: -0.1135266
      objectReference: {fileID: 0}
    - target: {fileID: 400060, guid: 320b1c2af77554f99a1658df4a6d3d5c, type: 3}
      propertyPath: m_LocalRotation.y
      value: 0.00274468
      objectReference: {fileID: 0}
    - target: {fileID: 400060, guid: 320b1c2af77554f99a1658df4a6d3d5c, type: 3}
      propertyPath: m_LocalRotation.z
      value: 0.21908748
      objectReference: {fileID: 0}
    - target: {fileID: 400060, guid: 320b1c2af77554f99a1658df4a6d3d5c, type: 3}
      propertyPath: m_LocalEulerAnglesHint.x
      value: -12.782
      objectReference: {fileID: 0}
    - target: {fileID: 400060, guid: 320b1c2af77554f99a1658df4a6d3d5c, type: 3}
      propertyPath: m_LocalEulerAnglesHint.y
      value: -2.611
      objectReference: {fileID: 0}
    - target: {fileID: 400060, guid: 320b1c2af77554f99a1658df4a6d3d5c, type: 3}
      propertyPath: m_LocalEulerAnglesHint.z
      value: 25.771
      objectReference: {fileID: 0}
    - target: {fileID: 400062, guid: 320b1c2af77554f99a1658df4a6d3d5c, type: 3}
      propertyPath: m_LocalPosition.x
      value: 0.3717825
      objectReference: {fileID: 0}
    - target: {fileID: 400062, guid: 320b1c2af77554f99a1658df4a6d3d5c, type: 3}
      propertyPath: m_LocalPosition.y
      value: -0.0019879043
      objectReference: {fileID: 0}
    - target: {fileID: 400062, guid: 320b1c2af77554f99a1658df4a6d3d5c, type: 3}
      propertyPath: m_LocalPosition.z
      value: 0.07309687
      objectReference: {fileID: 0}
    - target: {fileID: 400062, guid: 320b1c2af77554f99a1658df4a6d3d5c, type: 3}
      propertyPath: m_LocalRotation.w
      value: 0.21418555
      objectReference: {fileID: 0}
    - target: {fileID: 400062, guid: 320b1c2af77554f99a1658df4a6d3d5c, type: 3}
      propertyPath: m_LocalRotation.x
      value: -0.2182763
      objectReference: {fileID: 0}
    - target: {fileID: 400062, guid: 320b1c2af77554f99a1658df4a6d3d5c, type: 3}
      propertyPath: m_LocalRotation.y
      value: 0.39433876
      objectReference: {fileID: 0}
    - target: {fileID: 400062, guid: 320b1c2af77554f99a1658df4a6d3d5c, type: 3}
      propertyPath: m_LocalRotation.z
      value: 0.8665893
      objectReference: {fileID: 0}
    - target: {fileID: 400062, guid: 320b1c2af77554f99a1658df4a6d3d5c, type: 3}
      propertyPath: m_LocalEulerAnglesHint.x
      value: -50.983
      objectReference: {fileID: 0}
    - target: {fileID: 400062, guid: 320b1c2af77554f99a1658df4a6d3d5c, type: 3}
      propertyPath: m_LocalEulerAnglesHint.y
      value: -19.427
      objectReference: {fileID: 0}
    - target: {fileID: 400062, guid: 320b1c2af77554f99a1658df4a6d3d5c, type: 3}
      propertyPath: m_LocalEulerAnglesHint.z
      value: 161.566
      objectReference: {fileID: 0}
    - target: {fileID: 400064, guid: 320b1c2af77554f99a1658df4a6d3d5c, type: 3}
      propertyPath: m_LocalPosition.x
      value: 0.071605355
      objectReference: {fileID: 0}
    - target: {fileID: 400064, guid: 320b1c2af77554f99a1658df4a6d3d5c, type: 3}
      propertyPath: m_LocalPosition.y
      value: -0.014236718
      objectReference: {fileID: 0}
    - target: {fileID: 400064, guid: 320b1c2af77554f99a1658df4a6d3d5c, type: 3}
      propertyPath: m_LocalPosition.z
      value: -0.0063320007
      objectReference: {fileID: 0}
    - target: {fileID: 400064, guid: 320b1c2af77554f99a1658df4a6d3d5c, type: 3}
      propertyPath: m_LocalRotation.w
      value: 0.9723786
      objectReference: {fileID: 0}
    - target: {fileID: 400064, guid: 320b1c2af77554f99a1658df4a6d3d5c, type: 3}
      propertyPath: m_LocalRotation.x
      value: -0.010349511
      objectReference: {fileID: 0}
    - target: {fileID: 400064, guid: 320b1c2af77554f99a1658df4a6d3d5c, type: 3}
      propertyPath: m_LocalRotation.y
      value: -0.05154013
      objectReference: {fileID: 0}
    - target: {fileID: 400064, guid: 320b1c2af77554f99a1658df4a6d3d5c, type: 3}
      propertyPath: m_LocalRotation.z
      value: 0.22741248
      objectReference: {fileID: 0}
    - target: {fileID: 400064, guid: 320b1c2af77554f99a1658df4a6d3d5c, type: 3}
      propertyPath: m_LocalEulerAnglesHint.x
      value: 0.19
      objectReference: {fileID: 0}
    - target: {fileID: 400064, guid: 320b1c2af77554f99a1658df4a6d3d5c, type: 3}
      propertyPath: m_LocalEulerAnglesHint.y
      value: -6.024
      objectReference: {fileID: 0}
    - target: {fileID: 400064, guid: 320b1c2af77554f99a1658df4a6d3d5c, type: 3}
      propertyPath: m_LocalEulerAnglesHint.z
      value: 26.317
      objectReference: {fileID: 0}
    - target: {fileID: 400066, guid: 320b1c2af77554f99a1658df4a6d3d5c, type: 3}
      propertyPath: m_LocalPosition.x
      value: 0.043619417
      objectReference: {fileID: 0}
    - target: {fileID: 400066, guid: 320b1c2af77554f99a1658df4a6d3d5c, type: 3}
      propertyPath: m_LocalPosition.y
      value: 0.0026376175
      objectReference: {fileID: 0}
    - target: {fileID: 400066, guid: 320b1c2af77554f99a1658df4a6d3d5c, type: 3}
      propertyPath: m_LocalPosition.z
      value: 0.000109676854
      objectReference: {fileID: 0}
    - target: {fileID: 400066, guid: 320b1c2af77554f99a1658df4a6d3d5c, type: 3}
      propertyPath: m_LocalRotation.w
      value: 0.992153
      objectReference: {fileID: 0}
    - target: {fileID: 400066, guid: 320b1c2af77554f99a1658df4a6d3d5c, type: 3}
      propertyPath: m_LocalRotation.x
      value: 0.028547995
      objectReference: {fileID: 0}
    - target: {fileID: 400066, guid: 320b1c2af77554f99a1658df4a6d3d5c, type: 3}
      propertyPath: m_LocalRotation.y
      value: 0.0001103035
      objectReference: {fileID: 0}
    - target: {fileID: 400066, guid: 320b1c2af77554f99a1658df4a6d3d5c, type: 3}
      propertyPath: m_LocalRotation.z
      value: 0.121727414
      objectReference: {fileID: 0}
    - target: {fileID: 400066, guid: 320b1c2af77554f99a1658df4a6d3d5c, type: 3}
      propertyPath: m_LocalEulerAnglesHint.x
      value: 3.246
      objectReference: {fileID: 0}
    - target: {fileID: 400066, guid: 320b1c2af77554f99a1658df4a6d3d5c, type: 3}
      propertyPath: m_LocalEulerAnglesHint.y
      value: 0.411
      objectReference: {fileID: 0}
    - target: {fileID: 400066, guid: 320b1c2af77554f99a1658df4a6d3d5c, type: 3}
      propertyPath: m_LocalEulerAnglesHint.z
      value: 14.001
      objectReference: {fileID: 0}
    - target: {fileID: 400068, guid: 320b1c2af77554f99a1658df4a6d3d5c, type: 3}
      propertyPath: m_LocalPosition.x
      value: 0.022333566
      objectReference: {fileID: 0}
    - target: {fileID: 400068, guid: 320b1c2af77554f99a1658df4a6d3d5c, type: 3}
      propertyPath: m_LocalPosition.y
      value: 0.0066525224
      objectReference: {fileID: 0}
    - target: {fileID: 400068, guid: 320b1c2af77554f99a1658df4a6d3d5c, type: 3}
      propertyPath: m_LocalPosition.z
      value: -0.00057801115
      objectReference: {fileID: 0}
    - target: {fileID: 400068, guid: 320b1c2af77554f99a1658df4a6d3d5c, type: 3}
      propertyPath: m_LocalRotation.w
      value: 0.96972674
      objectReference: {fileID: 0}
    - target: {fileID: 400068, guid: 320b1c2af77554f99a1658df4a6d3d5c, type: 3}
      propertyPath: m_LocalRotation.x
      value: -0.051975016
      objectReference: {fileID: 0}
    - target: {fileID: 400068, guid: 320b1c2af77554f99a1658df4a6d3d5c, type: 3}
      propertyPath: m_LocalRotation.y
      value: 0.0025326754
      objectReference: {fileID: 0}
    - target: {fileID: 400068, guid: 320b1c2af77554f99a1658df4a6d3d5c, type: 3}
      propertyPath: m_LocalRotation.z
      value: 0.23858379
      objectReference: {fileID: 0}
    - target: {fileID: 400068, guid: 320b1c2af77554f99a1658df4a6d3d5c, type: 3}
      propertyPath: m_LocalEulerAnglesHint.x
      value: -5.855
      objectReference: {fileID: 0}
    - target: {fileID: 400068, guid: 320b1c2af77554f99a1658df4a6d3d5c, type: 3}
      propertyPath: m_LocalEulerAnglesHint.y
      value: -1.146
      objectReference: {fileID: 0}
    - target: {fileID: 400068, guid: 320b1c2af77554f99a1658df4a6d3d5c, type: 3}
      propertyPath: m_LocalEulerAnglesHint.z
      value: 27.703
      objectReference: {fileID: 0}
    - target: {fileID: 400070, guid: 320b1c2af77554f99a1658df4a6d3d5c, type: 3}
      propertyPath: m_LocalPosition.x
      value: 0.07158896
      objectReference: {fileID: 0}
    - target: {fileID: 400070, guid: 320b1c2af77554f99a1658df4a6d3d5c, type: 3}
      propertyPath: m_LocalPosition.y
      value: -0.011513716
      objectReference: {fileID: 0}
    - target: {fileID: 400070, guid: 320b1c2af77554f99a1658df4a6d3d5c, type: 3}
      propertyPath: m_LocalPosition.z
      value: 0.03186465
      objectReference: {fileID: 0}
    - target: {fileID: 400070, guid: 320b1c2af77554f99a1658df4a6d3d5c, type: 3}
      propertyPath: m_LocalRotation.w
      value: 0.96933645
      objectReference: {fileID: 0}
    - target: {fileID: 400070, guid: 320b1c2af77554f99a1658df4a6d3d5c, type: 3}
      propertyPath: m_LocalRotation.x
      value: -0.0031332376
      objectReference: {fileID: 0}
    - target: {fileID: 400070, guid: 320b1c2af77554f99a1658df4a6d3d5c, type: 3}
      propertyPath: m_LocalRotation.y
      value: -0.080257036
      objectReference: {fileID: 0}
    - target: {fileID: 400070, guid: 320b1c2af77554f99a1658df4a6d3d5c, type: 3}
      propertyPath: m_LocalRotation.z
      value: 0.23224096
      objectReference: {fileID: 0}
    - target: {fileID: 400070, guid: 320b1c2af77554f99a1658df4a6d3d5c, type: 3}
      propertyPath: m_LocalEulerAnglesHint.x
      value: 1.788
      objectReference: {fileID: 0}
    - target: {fileID: 400070, guid: 320b1c2af77554f99a1658df4a6d3d5c, type: 3}
      propertyPath: m_LocalEulerAnglesHint.y
      value: -9.04
      objectReference: {fileID: 0}
    - target: {fileID: 400070, guid: 320b1c2af77554f99a1658df4a6d3d5c, type: 3}
      propertyPath: m_LocalEulerAnglesHint.z
      value: 26.805
      objectReference: {fileID: 0}
    - target: {fileID: 400072, guid: 320b1c2af77554f99a1658df4a6d3d5c, type: 3}
      propertyPath: m_LocalPosition.x
      value: 0.030469092
      objectReference: {fileID: 0}
    - target: {fileID: 400072, guid: 320b1c2af77554f99a1658df4a6d3d5c, type: 3}
      propertyPath: m_LocalPosition.y
      value: -0.0033159317
      objectReference: {fileID: 0}
    - target: {fileID: 400072, guid: 320b1c2af77554f99a1658df4a6d3d5c, type: 3}
      propertyPath: m_LocalPosition.z
      value: 0.000018420396
      objectReference: {fileID: 0}
    - target: {fileID: 400072, guid: 320b1c2af77554f99a1658df4a6d3d5c, type: 3}
      propertyPath: m_LocalRotation.w
      value: 0.9917593
      objectReference: {fileID: 0}
    - target: {fileID: 400072, guid: 320b1c2af77554f99a1658df4a6d3d5c, type: 3}
      propertyPath: m_LocalRotation.x
      value: 0.06237457
      objectReference: {fileID: 0}
    - target: {fileID: 400072, guid: 320b1c2af77554f99a1658df4a6d3d5c, type: 3}
      propertyPath: m_LocalRotation.y
      value: -0.0005602835
      objectReference: {fileID: 0}
    - target: {fileID: 400072, guid: 320b1c2af77554f99a1658df4a6d3d5c, type: 3}
      propertyPath: m_LocalRotation.z
      value: 0.11190437
      objectReference: {fileID: 0}
    - target: {fileID: 400072, guid: 320b1c2af77554f99a1658df4a6d3d5c, type: 3}
      propertyPath: m_LocalEulerAnglesHint.x
      value: 7.114
      objectReference: {fileID: 0}
    - target: {fileID: 400072, guid: 320b1c2af77554f99a1658df4a6d3d5c, type: 3}
      propertyPath: m_LocalEulerAnglesHint.y
      value: 0.742
      objectReference: {fileID: 0}
    - target: {fileID: 400072, guid: 320b1c2af77554f99a1658df4a6d3d5c, type: 3}
      propertyPath: m_LocalEulerAnglesHint.z
      value: 12.922
      objectReference: {fileID: 0}
    - target: {fileID: 400074, guid: 320b1c2af77554f99a1658df4a6d3d5c, type: 3}
      propertyPath: m_LocalPosition.x
      value: 0.016439214
      objectReference: {fileID: 0}
    - target: {fileID: 400074, guid: 320b1c2af77554f99a1658df4a6d3d5c, type: 3}
      propertyPath: m_LocalPosition.y
      value: -0.00077257765
      objectReference: {fileID: 0}
    - target: {fileID: 400074, guid: 320b1c2af77554f99a1658df4a6d3d5c, type: 3}
      propertyPath: m_LocalPosition.z
      value: 0.00015975963
      objectReference: {fileID: 0}
    - target: {fileID: 400074, guid: 320b1c2af77554f99a1658df4a6d3d5c, type: 3}
      propertyPath: m_LocalRotation.w
      value: 0.9728301
      objectReference: {fileID: 0}
    - target: {fileID: 400074, guid: 320b1c2af77554f99a1658df4a6d3d5c, type: 3}
      propertyPath: m_LocalRotation.x
      value: 0.030914363
      objectReference: {fileID: 0}
    - target: {fileID: 400074, guid: 320b1c2af77554f99a1658df4a6d3d5c, type: 3}
      propertyPath: m_LocalRotation.y
      value: 0.002945771
      objectReference: {fileID: 0}
    - target: {fileID: 400074, guid: 320b1c2af77554f99a1658df4a6d3d5c, type: 3}
      propertyPath: m_LocalRotation.z
      value: 0.22942826
      objectReference: {fileID: 0}
    - target: {fileID: 400074, guid: 320b1c2af77554f99a1658df4a6d3d5c, type: 3}
      propertyPath: m_LocalEulerAnglesHint.x
      value: 3.371
      objectReference: {fileID: 0}
    - target: {fileID: 400074, guid: 320b1c2af77554f99a1658df4a6d3d5c, type: 3}
      propertyPath: m_LocalEulerAnglesHint.y
      value: 1.143
      objectReference: {fileID: 0}
    - target: {fileID: 400074, guid: 320b1c2af77554f99a1658df4a6d3d5c, type: 3}
      propertyPath: m_LocalEulerAnglesHint.z
      value: 26.573
      objectReference: {fileID: 0}
    - target: {fileID: 400076, guid: 320b1c2af77554f99a1658df4a6d3d5c, type: 3}
      propertyPath: m_LocalPosition.x
      value: 0.07185465
      objectReference: {fileID: 0}
    - target: {fileID: 400076, guid: 320b1c2af77554f99a1658df4a6d3d5c, type: 3}
      propertyPath: m_LocalPosition.y
      value: -0.012699783
      objectReference: {fileID: 0}
    - target: {fileID: 400076, guid: 320b1c2af77554f99a1658df4a6d3d5c, type: 3}
      propertyPath: m_LocalPosition.z
      value: 0.01352912
      objectReference: {fileID: 0}
    - target: {fileID: 400076, guid: 320b1c2af77554f99a1658df4a6d3d5c, type: 3}
      propertyPath: m_LocalRotation.w
      value: 0.97079253
      objectReference: {fileID: 0}
    - target: {fileID: 400076, guid: 320b1c2af77554f99a1658df4a6d3d5c, type: 3}
      propertyPath: m_LocalRotation.x
      value: -0.0056653023
      objectReference: {fileID: 0}
    - target: {fileID: 400076, guid: 320b1c2af77554f99a1658df4a6d3d5c, type: 3}
      propertyPath: m_LocalRotation.y
      value: -0.07091561
      objectReference: {fileID: 0}
    - target: {fileID: 400076, guid: 320b1c2af77554f99a1658df4a6d3d5c, type: 3}
      propertyPath: m_LocalRotation.z
      value: 0.22913066
      objectReference: {fileID: 0}
    - target: {fileID: 400076, guid: 320b1c2af77554f99a1658df4a6d3d5c, type: 3}
      propertyPath: m_LocalEulerAnglesHint.x
      value: 1.232
      objectReference: {fileID: 0}
    - target: {fileID: 400076, guid: 320b1c2af77554f99a1658df4a6d3d5c, type: 3}
      propertyPath: m_LocalEulerAnglesHint.y
      value: -8.066
      objectReference: {fileID: 0}
    - target: {fileID: 400076, guid: 320b1c2af77554f99a1658df4a6d3d5c, type: 3}
      propertyPath: m_LocalEulerAnglesHint.z
      value: 26.473
      objectReference: {fileID: 0}
    - target: {fileID: 400078, guid: 320b1c2af77554f99a1658df4a6d3d5c, type: 3}
      propertyPath: m_LocalPosition.x
      value: 0.03809493
      objectReference: {fileID: 0}
    - target: {fileID: 400078, guid: 320b1c2af77554f99a1658df4a6d3d5c, type: 3}
      propertyPath: m_LocalPosition.y
      value: -0.00008974597
      objectReference: {fileID: 0}
    - target: {fileID: 400078, guid: 320b1c2af77554f99a1658df4a6d3d5c, type: 3}
      propertyPath: m_LocalPosition.z
      value: 0.000102749094
      objectReference: {fileID: 0}
    - target: {fileID: 400078, guid: 320b1c2af77554f99a1658df4a6d3d5c, type: 3}
      propertyPath: m_LocalRotation.w
      value: 0.9920174
      objectReference: {fileID: 0}
    - target: {fileID: 400078, guid: 320b1c2af77554f99a1658df4a6d3d5c, type: 3}
      propertyPath: m_LocalRotation.x
      value: 0.0458741
      objectReference: {fileID: 0}
    - target: {fileID: 400078, guid: 320b1c2af77554f99a1658df4a6d3d5c, type: 3}
      propertyPath: m_LocalRotation.y
      value: -0.00015002486
      objectReference: {fileID: 0}
    - target: {fileID: 400078, guid: 320b1c2af77554f99a1658df4a6d3d5c, type: 3}
      propertyPath: m_LocalRotation.z
      value: 0.1174609
      objectReference: {fileID: 0}
    - target: {fileID: 400078, guid: 320b1c2af77554f99a1658df4a6d3d5c, type: 3}
      propertyPath: m_LocalEulerAnglesHint.x
      value: 5.224
      objectReference: {fileID: 0}
    - target: {fileID: 400078, guid: 320b1c2af77554f99a1658df4a6d3d5c, type: 3}
      propertyPath: m_LocalEulerAnglesHint.y
      value: 0.603
      objectReference: {fileID: 0}
    - target: {fileID: 400078, guid: 320b1c2af77554f99a1658df4a6d3d5c, type: 3}
      propertyPath: m_LocalEulerAnglesHint.z
      value: 13.533
      objectReference: {fileID: 0}
    - target: {fileID: 400080, guid: 320b1c2af77554f99a1658df4a6d3d5c, type: 3}
      propertyPath: m_LocalPosition.x
      value: 0.01965276
      objectReference: {fileID: 0}
    - target: {fileID: 400080, guid: 320b1c2af77554f99a1658df4a6d3d5c, type: 3}
      propertyPath: m_LocalPosition.y
      value: 0.004378776
      objectReference: {fileID: 0}
    - target: {fileID: 400080, guid: 320b1c2af77554f99a1658df4a6d3d5c, type: 3}
      propertyPath: m_LocalPosition.z
      value: -0.000090078276
      objectReference: {fileID: 0}
    - target: {fileID: 400080, guid: 320b1c2af77554f99a1658df4a6d3d5c, type: 3}
      propertyPath: m_LocalRotation.w
      value: 0.97100204
      objectReference: {fileID: 0}
    - target: {fileID: 400080, guid: 320b1c2af77554f99a1658df4a6d3d5c, type: 3}
      propertyPath: m_LocalRotation.x
      value: -0.010743596
      objectReference: {fileID: 0}
    - target: {fileID: 400080, guid: 320b1c2af77554f99a1658df4a6d3d5c, type: 3}
      propertyPath: m_LocalRotation.y
      value: 0.0026423985
      objectReference: {fileID: 0}
    - target: {fileID: 400080, guid: 320b1c2af77554f99a1658df4a6d3d5c, type: 3}
      propertyPath: m_LocalRotation.z
      value: 0.2388153
      objectReference: {fileID: 0}
    - target: {fileID: 400080, guid: 320b1c2af77554f99a1658df4a6d3d5c, type: 3}
      propertyPath: m_LocalEulerAnglesHint.x
      value: -1.268
      objectReference: {fileID: 0}
    - target: {fileID: 400080, guid: 320b1c2af77554f99a1658df4a6d3d5c, type: 3}
      propertyPath: m_LocalEulerAnglesHint.z
      value: 27.635
      objectReference: {fileID: 0}
    - target: {fileID: 400082, guid: 320b1c2af77554f99a1658df4a6d3d5c, type: 3}
      propertyPath: m_LocalPosition.x
      value: -0.24796952
      objectReference: {fileID: 0}
    - target: {fileID: 400082, guid: 320b1c2af77554f99a1658df4a6d3d5c, type: 3}
      propertyPath: m_LocalPosition.y
      value: -0.01896733
      objectReference: {fileID: 0}
    - target: {fileID: 400082, guid: 320b1c2af77554f99a1658df4a6d3d5c, type: 3}
      propertyPath: m_LocalPosition.z
      value: -0.13131015
      objectReference: {fileID: 0}
    - target: {fileID: 400082, guid: 320b1c2af77554f99a1658df4a6d3d5c, type: 3}
      propertyPath: m_LocalRotation.w
      value: 0.56269634
      objectReference: {fileID: 0}
    - target: {fileID: 400082, guid: 320b1c2af77554f99a1658df4a6d3d5c, type: 3}
      propertyPath: m_LocalRotation.x
      value: 0.56980336
      objectReference: {fileID: 0}
    - target: {fileID: 400082, guid: 320b1c2af77554f99a1658df4a6d3d5c, type: 3}
      propertyPath: m_LocalRotation.y
      value: 0.28946245
      objectReference: {fileID: 0}
    - target: {fileID: 400082, guid: 320b1c2af77554f99a1658df4a6d3d5c, type: 3}
      propertyPath: m_LocalRotation.z
      value: -0.5243172
      objectReference: {fileID: 0}
    - target: {fileID: 400082, guid: 320b1c2af77554f99a1658df4a6d3d5c, type: 3}
      propertyPath: m_LocalEulerAnglesHint.x
      value: 70.873
      objectReference: {fileID: 0}
    - target: {fileID: 400082, guid: 320b1c2af77554f99a1658df4a6d3d5c, type: 3}
      propertyPath: m_LocalEulerAnglesHint.y
      value: -56.033
      objectReference: {fileID: 0}
    - target: {fileID: 400082, guid: 320b1c2af77554f99a1658df4a6d3d5c, type: 3}
      propertyPath: m_LocalEulerAnglesHint.z
      value: -127.433
      objectReference: {fileID: 0}
    - target: {fileID: 400084, guid: 320b1c2af77554f99a1658df4a6d3d5c, type: 3}
      propertyPath: m_LocalPosition.x
      value: -0.12213217
      objectReference: {fileID: 0}
    - target: {fileID: 400084, guid: 320b1c2af77554f99a1658df4a6d3d5c, type: 3}
      propertyPath: m_LocalPosition.y
      value: 0.011338536
      objectReference: {fileID: 0}
    - target: {fileID: 400084, guid: 320b1c2af77554f99a1658df4a6d3d5c, type: 3}
      propertyPath: m_LocalPosition.z
      value: 0.068917826
      objectReference: {fileID: 0}
    - target: {fileID: 400084, guid: 320b1c2af77554f99a1658df4a6d3d5c, type: 3}
      propertyPath: m_LocalRotation.w
      value: 0.76397955
      objectReference: {fileID: 0}
    - target: {fileID: 400084, guid: 320b1c2af77554f99a1658df4a6d3d5c, type: 3}
      propertyPath: m_LocalRotation.x
      value: 0.1784975
      objectReference: {fileID: 0}
    - target: {fileID: 400084, guid: 320b1c2af77554f99a1658df4a6d3d5c, type: 3}
      propertyPath: m_LocalRotation.y
      value: -0.21215564
      objectReference: {fileID: 0}
    - target: {fileID: 400084, guid: 320b1c2af77554f99a1658df4a6d3d5c, type: 3}
      propertyPath: m_LocalRotation.z
      value: 0.58263534
      objectReference: {fileID: 0}
    - target: {fileID: 400084, guid: 320b1c2af77554f99a1658df4a6d3d5c, type: 3}
      propertyPath: m_LocalEulerAnglesHint.x
      value: 31.329
      objectReference: {fileID: 0}
    - target: {fileID: 400084, guid: 320b1c2af77554f99a1658df4a6d3d5c, type: 3}
      propertyPath: m_LocalEulerAnglesHint.y
      value: -7.816
      objectReference: {fileID: 0}
    - target: {fileID: 400084, guid: 320b1c2af77554f99a1658df4a6d3d5c, type: 3}
      propertyPath: m_LocalEulerAnglesHint.z
      value: -287.534
      objectReference: {fileID: 0}
    - target: {fileID: 400086, guid: 320b1c2af77554f99a1658df4a6d3d5c, type: 3}
      propertyPath: m_LocalPosition.x
      value: 0.046121307
      objectReference: {fileID: 0}
    - target: {fileID: 400086, guid: 320b1c2af77554f99a1658df4a6d3d5c, type: 3}
      propertyPath: m_LocalPosition.y
      value: 0.003954798
      objectReference: {fileID: 0}
    - target: {fileID: 400086, guid: 320b1c2af77554f99a1658df4a6d3d5c, type: 3}
      propertyPath: m_LocalPosition.z
      value: -0.04782415
      objectReference: {fileID: 0}
    - target: {fileID: 400086, guid: 320b1c2af77554f99a1658df4a6d3d5c, type: 3}
      propertyPath: m_LocalRotation.w
      value: 0.8705096
      objectReference: {fileID: 0}
    - target: {fileID: 400086, guid: 320b1c2af77554f99a1658df4a6d3d5c, type: 3}
      propertyPath: m_LocalRotation.x
      value: 0.44285312
      objectReference: {fileID: 0}
    - target: {fileID: 400086, guid: 320b1c2af77554f99a1658df4a6d3d5c, type: 3}
      propertyPath: m_LocalRotation.y
      value: 0.21330495
      objectReference: {fileID: 0}
    - target: {fileID: 400086, guid: 320b1c2af77554f99a1658df4a6d3d5c, type: 3}
      propertyPath: m_LocalRotation.z
      value: -0.02439403
      objectReference: {fileID: 0}
    - target: {fileID: 400086, guid: 320b1c2af77554f99a1658df4a6d3d5c, type: 3}
      propertyPath: m_LocalEulerAnglesHint.x
      value: 51.391
      objectReference: {fileID: 0}
    - target: {fileID: 400086, guid: 320b1c2af77554f99a1658df4a6d3d5c, type: 3}
      propertyPath: m_LocalEulerAnglesHint.y
      value: 34.091
      objectReference: {fileID: 0}
    - target: {fileID: 400086, guid: 320b1c2af77554f99a1658df4a6d3d5c, type: 3}
      propertyPath: m_LocalEulerAnglesHint.z
      value: 13.574
      objectReference: {fileID: 0}
    - target: {fileID: 400092, guid: 320b1c2af77554f99a1658df4a6d3d5c, type: 3}
      propertyPath: m_LocalPosition.x
      value: 0.06358528
      objectReference: {fileID: 0}
    - target: {fileID: 400092, guid: 320b1c2af77554f99a1658df4a6d3d5c, type: 3}
      propertyPath: m_LocalPosition.y
      value: -0.00000029802322
      objectReference: {fileID: 0}
    - target: {fileID: 400092, guid: 320b1c2af77554f99a1658df4a6d3d5c, type: 3}
      propertyPath: m_LocalPosition.z
      value: -0.0000013336539
      objectReference: {fileID: 0}
    - target: {fileID: 400092, guid: 320b1c2af77554f99a1658df4a6d3d5c, type: 3}
      propertyPath: m_LocalRotation.w
      value: 0.8795184
      objectReference: {fileID: 0}
    - target: {fileID: 400092, guid: 320b1c2af77554f99a1658df4a6d3d5c, type: 3}
      propertyPath: m_LocalRotation.x
      value: -0.037460178
      objectReference: {fileID: 0}
    - target: {fileID: 400092, guid: 320b1c2af77554f99a1658df4a6d3d5c, type: 3}
      propertyPath: m_LocalRotation.y
      value: 0.19028716
      objectReference: {fileID: 0}
    - target: {fileID: 400092, guid: 320b1c2af77554f99a1658df4a6d3d5c, type: 3}
      propertyPath: m_LocalRotation.z
      value: 0.43455154
      objectReference: {fileID: 0}
    - target: {fileID: 400092, guid: 320b1c2af77554f99a1658df4a6d3d5c, type: 3}
      propertyPath: m_LocalEulerAnglesHint.x
      value: -13.372
      objectReference: {fileID: 0}
    - target: {fileID: 400092, guid: 320b1c2af77554f99a1658df4a6d3d5c, type: 3}
      propertyPath: m_LocalEulerAnglesHint.y
      value: 18.095
      objectReference: {fileID: 0}
    - target: {fileID: 400092, guid: 320b1c2af77554f99a1658df4a6d3d5c, type: 3}
      propertyPath: m_LocalEulerAnglesHint.z
      value: 50.447
      objectReference: {fileID: 0}
    - target: {fileID: 400094, guid: 320b1c2af77554f99a1658df4a6d3d5c, type: 3}
      propertyPath: m_LocalPosition.x
      value: 0.30588365
      objectReference: {fileID: 0}
    - target: {fileID: 400094, guid: 320b1c2af77554f99a1658df4a6d3d5c, type: 3}
      propertyPath: m_LocalPosition.y
      value: -0.033171907
      objectReference: {fileID: 0}
    - target: {fileID: 400094, guid: 320b1c2af77554f99a1658df4a6d3d5c, type: 3}
      propertyPath: m_LocalPosition.z
      value: 0.0070667565
      objectReference: {fileID: 0}
    - target: {fileID: 400094, guid: 320b1c2af77554f99a1658df4a6d3d5c, type: 3}
      propertyPath: m_LocalRotation.w
      value: 0.70035523
      objectReference: {fileID: 0}
    - target: {fileID: 400094, guid: 320b1c2af77554f99a1658df4a6d3d5c, type: 3}
      propertyPath: m_LocalRotation.x
      value: -0.6148218
      objectReference: {fileID: 0}
    - target: {fileID: 400094, guid: 320b1c2af77554f99a1658df4a6d3d5c, type: 3}
      propertyPath: m_LocalRotation.y
      value: 0.35988083
      objectReference: {fileID: 0}
    - target: {fileID: 400094, guid: 320b1c2af77554f99a1658df4a6d3d5c, type: 3}
      propertyPath: m_LocalRotation.z
      value: -0.04452479
      objectReference: {fileID: 0}
    - target: {fileID: 400094, guid: 320b1c2af77554f99a1658df4a6d3d5c, type: 3}
      propertyPath: m_LocalEulerAnglesHint.x
      value: -123.990005
      objectReference: {fileID: 0}
    - target: {fileID: 400094, guid: 320b1c2af77554f99a1658df4a6d3d5c, type: 3}
      propertyPath: m_LocalEulerAnglesHint.y
      value: -88.45801
      objectReference: {fileID: 0}
    - target: {fileID: 400094, guid: 320b1c2af77554f99a1658df4a6d3d5c, type: 3}
      propertyPath: m_LocalEulerAnglesHint.z
      value: 115.426
      objectReference: {fileID: 0}
    - target: {fileID: 400096, guid: 320b1c2af77554f99a1658df4a6d3d5c, type: 3}
      propertyPath: m_RootOrder
      value: -1
      objectReference: {fileID: 0}
    - target: {fileID: 400096, guid: 320b1c2af77554f99a1658df4a6d3d5c, type: 3}
      propertyPath: m_LocalScale.x
      value: 0.6183186
      objectReference: {fileID: 0}
    - target: {fileID: 400096, guid: 320b1c2af77554f99a1658df4a6d3d5c, type: 3}
      propertyPath: m_LocalScale.y
      value: 0.6183186
      objectReference: {fileID: 0}
    - target: {fileID: 400096, guid: 320b1c2af77554f99a1658df4a6d3d5c, type: 3}
      propertyPath: m_LocalScale.z
      value: 0.6183186
      objectReference: {fileID: 0}
    - target: {fileID: 400096, guid: 320b1c2af77554f99a1658df4a6d3d5c, type: 3}
      propertyPath: m_LocalPosition.x
      value: -0.067
      objectReference: {fileID: 0}
    - target: {fileID: 400096, guid: 320b1c2af77554f99a1658df4a6d3d5c, type: 3}
      propertyPath: m_LocalPosition.y
      value: -0.759
      objectReference: {fileID: 0}
    - target: {fileID: 400096, guid: 320b1c2af77554f99a1658df4a6d3d5c, type: 3}
      propertyPath: m_LocalPosition.z
      value: 0.23
      objectReference: {fileID: 0}
    - target: {fileID: 400096, guid: 320b1c2af77554f99a1658df4a6d3d5c, type: 3}
      propertyPath: m_LocalRotation.w
      value: 0.3410855
      objectReference: {fileID: 0}
    - target: {fileID: 400096, guid: 320b1c2af77554f99a1658df4a6d3d5c, type: 3}
      propertyPath: m_LocalRotation.x
      value: -0.069423765
      objectReference: {fileID: 0}
    - target: {fileID: 400096, guid: 320b1c2af77554f99a1658df4a6d3d5c, type: 3}
      propertyPath: m_LocalRotation.y
      value: -0.93712467
      objectReference: {fileID: 0}
    - target: {fileID: 400096, guid: 320b1c2af77554f99a1658df4a6d3d5c, type: 3}
      propertyPath: m_LocalRotation.z
      value: 0.02526819
      objectReference: {fileID: 0}
    - target: {fileID: 400096, guid: 320b1c2af77554f99a1658df4a6d3d5c, type: 3}
      propertyPath: m_LocalEulerAnglesHint.x
      value: 0
      objectReference: {fileID: 0}
    - target: {fileID: 400096, guid: 320b1c2af77554f99a1658df4a6d3d5c, type: 3}
      propertyPath: m_LocalEulerAnglesHint.y
      value: -140
      objectReference: {fileID: 0}
    - target: {fileID: 400096, guid: 320b1c2af77554f99a1658df4a6d3d5c, type: 3}
      propertyPath: m_LocalEulerAnglesHint.z
      value: 8.474
      objectReference: {fileID: 0}
    - target: {fileID: 400096, guid: 320b1c2af77554f99a1658df4a6d3d5c, type: 3}
      propertyPath: m_ConstrainProportionsScale
      value: 1
      objectReference: {fileID: 0}
    - target: {fileID: 13700000, guid: 320b1c2af77554f99a1658df4a6d3d5c, type: 3}
      propertyPath: m_CastShadows
      value: 0
      objectReference: {fileID: 0}
    - target: {fileID: 13700000, guid: 320b1c2af77554f99a1658df4a6d3d5c, type: 3}
      propertyPath: m_Materials.Array.size
      value: 1
      objectReference: {fileID: 0}
    - target: {fileID: 13700000, guid: 320b1c2af77554f99a1658df4a6d3d5c, type: 3}
      propertyPath: m_Materials.Array.data[0]
      value: 
      objectReference: {fileID: 2100000, guid: 0aa851515cd3747d6b3b3e461199a2ed, type: 2}
    - target: {fileID: 13700000, guid: 320b1c2af77554f99a1658df4a6d3d5c, type: 3}
      propertyPath: m_Materials.Array.data[1]
      value: 
      objectReference: {fileID: 2100000, guid: 817146fd1b1faf343ab4c5ee8add64f9, type: 2}
    m_RemovedComponents: []
    m_RemovedGameObjects: []
    m_AddedGameObjects: []
    m_AddedComponents: []
  m_SourcePrefab: {fileID: 100100000, guid: 320b1c2af77554f99a1658df4a6d3d5c, type: 3}
--- !u!4 &2305841532978233233 stripped
Transform:
  m_CorrespondingSourceObject: {fileID: 400096, guid: 320b1c2af77554f99a1658df4a6d3d5c,
    type: 3}
  m_PrefabInstance: {fileID: 2305841532978357617}
  m_PrefabAsset: {fileID: 0}
