%YAML 1.1
%TAG !u! tag:unity3d.com,2011:
--- !u!1 &723552351288444642
GameObject:
  m_ObjectHideFlags: 0
  m_CorrespondingSourceObject: {fileID: 0}
  m_PrefabInstance: {fileID: 0}
  m_PrefabAsset: {fileID: 0}
  serializedVersion: 6
  m_Component:
  - component: {fileID: 5239846847773878864}
  - component: {fileID: 902012037591828845}
  m_Layer: 0
  m_Name: AirFilterProp
  m_TagString: Untagged
  m_Icon: {fileID: 0}
  m_NavMeshLayer: 0
  m_StaticEditorFlags: 0
  m_IsActive: 1
--- !u!4 &5239846847773878864
Transform:
  m_ObjectHideFlags: 0
  m_CorrespondingSourceObject: {fileID: 0}
  m_PrefabInstance: {fileID: 0}
  m_PrefabAsset: {fileID: 0}
  m_GameObject: {fileID: 723552351288444642}
  serializedVersion: 2
  m_LocalRotation: {x: 0, y: 0, z: 0, w: 1}
  m_LocalPosition: {x: 20.9, y: 11.37, z: 64.5}
  m_LocalScale: {x: 1, y: 1, z: 1}
  m_ConstrainProportionsScale: 0
  m_Children:
  - {fileID: 5241130163726230629}
  m_Father: {fileID: 0}
  m_LocalEulerAnglesHint: {x: 0, y: 0, z: 0}
--- !u!114 &902012037591828845
MonoBehaviour:
  m_ObjectHideFlags: 0
  m_CorrespondingSourceObject: {fileID: 0}
  m_PrefabInstance: {fileID: 0}
  m_PrefabAsset: {fileID: 0}
  m_GameObject: {fileID: 723552351288444642}
  m_Enabled: 1
  m_EditorHideFlags: 0
  m_Script: {fileID: 11500000, guid: fc02c8f69cd312a4aa5136507657563e, type: 3}
  m_Name: 
  m_EditorClassIdentifier: 
  pulseSize: 1.15
  returnSpeed: 5
  customAnimation: Beats
  anim: {fileID: 1990170634750357444}
--- !u!1001 &5707896225114735502
PrefabInstance:
  m_ObjectHideFlags: 0
  serializedVersion: 2
  m_Modification:
    serializedVersion: 3
    m_TransformParent: {fileID: 5239846847773878864}
    m_Modifications:
    - target: {fileID: -8679921383154817045, guid: 3e0aa7edd22754a46ad73fd804f8199a,
        type: 3}
      propertyPath: m_LocalPosition.x
      value: 0
      objectReference: {fileID: 0}
    - target: {fileID: -8679921383154817045, guid: 3e0aa7edd22754a46ad73fd804f8199a,
        type: 3}
      propertyPath: m_LocalPosition.y
      value: 0
      objectReference: {fileID: 0}
    - target: {fileID: -8679921383154817045, guid: 3e0aa7edd22754a46ad73fd804f8199a,
        type: 3}
      propertyPath: m_LocalPosition.z
      value: 0
      objectReference: {fileID: 0}
    - target: {fileID: -8679921383154817045, guid: 3e0aa7edd22754a46ad73fd804f8199a,
        type: 3}
      propertyPath: m_LocalRotation.w
      value: 1
      objectReference: {fileID: 0}
    - target: {fileID: -8679921383154817045, guid: 3e0aa7edd22754a46ad73fd804f8199a,
        type: 3}
      propertyPath: m_LocalRotation.x
      value: -0
      objectReference: {fileID: 0}
    - target: {fileID: -8679921383154817045, guid: 3e0aa7edd22754a46ad73fd804f8199a,
        type: 3}
      propertyPath: m_LocalRotation.y
      value: -0
      objectReference: {fileID: 0}
    - target: {fileID: -8679921383154817045, guid: 3e0aa7edd22754a46ad73fd804f8199a,
        type: 3}
      propertyPath: m_LocalRotation.z
      value: -0
      objectReference: {fileID: 0}
    - target: {fileID: -8679921383154817045, guid: 3e0aa7edd22754a46ad73fd804f8199a,
        type: 3}
      propertyPath: m_LocalEulerAnglesHint.x
      value: 0
      objectReference: {fileID: 0}
    - target: {fileID: -8679921383154817045, guid: 3e0aa7edd22754a46ad73fd804f8199a,
        type: 3}
      propertyPath: m_LocalEulerAnglesHint.y
      value: 0
      objectReference: {fileID: 0}
    - target: {fileID: -8679921383154817045, guid: 3e0aa7edd22754a46ad73fd804f8199a,
        type: 3}
      propertyPath: m_LocalEulerAnglesHint.z
      value: 0
      objectReference: {fileID: 0}
    - target: {fileID: -5477749408508380018, guid: 3e0aa7edd22754a46ad73fd804f8199a,
        type: 3}
      propertyPath: m_LocalPosition.y
      value: 1.726795
      objectReference: {fileID: 0}
    - target: {fileID: -5477749408508380018, guid: 3e0aa7edd22754a46ad73fd804f8199a,
        type: 3}
      propertyPath: m_LocalPosition.z
      value: -0.0000002864886
      objectReference: {fileID: 0}
    - target: {fileID: -4683669308469848369, guid: 3e0aa7edd22754a46ad73fd804f8199a,
        type: 3}
      propertyPath: m_Materials.Array.data[0]
      value: 
      objectReference: {fileID: 2100000, guid: d3c5fe34112f5e245bbfe03ce3ea5e5d, type: 2}
    - target: {fileID: -4683669308469848369, guid: 3e0aa7edd22754a46ad73fd804f8199a,
        type: 3}
      propertyPath: m_Materials.Array.data[1]
      value: 
      objectReference: {fileID: 2100000, guid: dc8e68bf56f864a43978def2c351c55c, type: 2}
    - target: {fileID: -3542852092398272455, guid: 3e0aa7edd22754a46ad73fd804f8199a,
        type: 3}
      propertyPath: m_LocalPosition.y
      value: -1.726795
      objectReference: {fileID: 0}
    - target: {fileID: -3542852092398272455, guid: 3e0aa7edd22754a46ad73fd804f8199a,
        type: 3}
      propertyPath: m_LocalPosition.z
      value: 0.0000002761725
      objectReference: {fileID: 0}
    - target: {fileID: -678588488315902003, guid: 3e0aa7edd22754a46ad73fd804f8199a,
        type: 3}
      propertyPath: m_Materials.Array.data[0]
      value: 
      objectReference: {fileID: 2100000, guid: d3c5fe34112f5e245bbfe03ce3ea5e5d, type: 2}
    - target: {fileID: -678588488315902003, guid: 3e0aa7edd22754a46ad73fd804f8199a,
        type: 3}
      propertyPath: m_Materials.Array.data[1]
      value: 
      objectReference: {fileID: 2100000, guid: dc8e68bf56f864a43978def2c351c55c, type: 2}
    - target: {fileID: 919132149155446097, guid: 3e0aa7edd22754a46ad73fd804f8199a,
        type: 3}
      propertyPath: m_Name
      value: Air_filler_prop_fixed
      objectReference: {fileID: 0}
    m_RemovedComponents: []
    m_RemovedGameObjects:
    - {fileID: -8700617353114198275, guid: 3e0aa7edd22754a46ad73fd804f8199a, type: 3}
    - {fileID: 65702495048144492, guid: 3e0aa7edd22754a46ad73fd804f8199a, type: 3}
    m_AddedGameObjects: []
    m_AddedComponents:
    - targetCorrespondingSourceObject: {fileID: 919132149155446097, guid: 3e0aa7edd22754a46ad73fd804f8199a,
        type: 3}
      insertIndex: -1
      addedObject: {fileID: 1990170634750357444}
  m_SourcePrefab: {fileID: 100100000, guid: 3e0aa7edd22754a46ad73fd804f8199a, type: 3}
--- !u!1 &4897643368580710111 stripped
GameObject:
  m_CorrespondingSourceObject: {fileID: 919132149155446097, guid: 3e0aa7edd22754a46ad73fd804f8199a,
    type: 3}
  m_PrefabInstance: {fileID: 5707896225114735502}
  m_PrefabAsset: {fileID: 0}
--- !u!95 &1990170634750357444
Animator:
  serializedVersion: 5
  m_ObjectHideFlags: 0
  m_CorrespondingSourceObject: {fileID: 0}
  m_PrefabInstance: {fileID: 0}
  m_PrefabAsset: {fileID: 0}
  m_GameObject: {fileID: 4897643368580710111}
  m_Enabled: 1
  m_Avatar: {fileID: 0}
  m_Controller: {fileID: 9100000, guid: 41f2e7f9367e8974caeea01ff8ba8089, type: 2}
  m_CullingMode: 0
  m_UpdateMode: 0
  m_ApplyRootMotion: 0
  m_LinearVelocityBlending: 0
  m_StabilizeFeet: 0
  m_WarningMessage: 
  m_HasTransformHierarchy: 1
  m_AllowConstantClipSamplingOptimization: 1
  m_KeepAnimatorStateOnDisable: 0
  m_WriteDefaultValuesOnDisable: 0
--- !u!4 &5241130163726230629 stripped
Transform:
  m_CorrespondingSourceObject: {fileID: -8679921383154817045, guid: 3e0aa7edd22754a46ad73fd804f8199a,
    type: 3}
  m_PrefabInstance: {fileID: 5707896225114735502}
  m_PrefabAsset: {fileID: 0}
